# 
```json
{"supermarket":"Rewe", "brand": "Somat", "product_name": "All in 1 Extra Tabs", "variant": null, "pack_size": null, "unit": "Tabs", "pack_count": 63, "price": 7.99, "currency": "EUR", "promo_type": "Knaller", "compare_price": "(1 Tab = 0.13)", "uvp": null, "discount_pct": null, "valid_from": "2025-11-10", "valid_to": "2025-11-15", "special_validity": null, "notes": "3€ Rabatt zusätzlich beim Kauf von Persil 10/16/20 WL, Perwoll 19/27 oder Somat XXL im Wert von mind. 9€."}
{"supermarket":"Rewe", "brand": "Persil", "product_name": "Colorwaschmittel Kraft Gel", "variant": null, "pack_size": "20", "unit": "WL", "pack_count": null, "price": 4.99, "currency": "EUR", "promo_type": "Knaller", "compare_price": "(1 WL = 0.25)", "uvp": null, "discount_pct": null, "valid_from": "2025-11-10", "valid_to": "2025-11-15", "special_validity": null, "notes": "3€ Rabatt zusätzlich beim Kauf von Persil 10/16/20 WL, Perwoll 19/27 oder Somat XXL im Wert von mind. 9€."}
{"supermarket":"Rewe", "brand": "Perwoll", "product_name": "Renew Feinwaschmittel", "variant": null, "pack_size": "27", "unit": "WL", "pack_count": null, "price": 5.49, "currency": "EUR", "promo_type": "Knaller", "compare_price": "(1 WL = 0.20)", "uvp": null, "discount_pct": null, "valid_from": "2025-11-10", "valid_to": "2025-11-15", "special_validity": null, "notes": "3€ Rabatt zusätzlich beim Kauf von Persil 10/16/20 WL, Perwoll 19/27 oder Somat XXL im Wert von mind. 9€."}
{"supermarket":"Rewe", "brand": "Ariel", "product_name": "Vollwaschmittel Pulver oder Colorwaschmittel flüssig", "variant": null, "pack_size": "90/100", "unit": "WL", "pack_count": null, "price": 17.99, "currency": "EUR", "promo_type": "Aktion", "compare_price": "(1 WL = 0.20 oder 1 WL = 0.18)", "uvp": null, "discount_pct": null, "valid_from": "2025-11-10", "valid_to": "2025-11-15", "special_validity": null, "notes": "1,00€ Bonus"}
{"supermarket":"Rewe", "brand": "Durex", "product_name": "Gefühlsecht Kondome", "variant": null, "pack_size": null, "unit": "Stück", "pack_count": 8, "price": 5.99, "currency": "EUR", "promo_type": "Aktion", "compare_price": null, "uvp": null, "discount_pct": null, "valid_from": "2025-11-10", "valid_to": "2025-11-15", "special_validity": null, "notes": "0,50€ Bonus"}
{"supermarket":"Rewe", "brand": "bebe", "product_name": "Pflegende Reinigungstücher", "variant": null, "pack_size": null, "unit": "Stück", "pack_count": 25, "price": 1.99, "currency": "EUR", "promo_type": "Aktion", "compare_price": null, "uvp": null, "discount_pct": null, "valid_from": "2025-11-10", "valid_to": "2025-11-15", "special_validity": null, "notes": null}
{"supermarket":"Rewe", "brand": null, "product_name": "Toilettenpapier", "variant": "Zewa bewährt oder Danke, 3-lagig", "pack_size": "8 x 150-Blatt", "unit": null, "pack_count": 8, "price": 2.99, "currency": "EUR", "promo_type": "Aktion", "compare_price": null, "uvp": null, "discount_pct": null, "valid_from": "2025-11-10", "valid_to": "2025-11-15", "special_validity": null, "notes": "0,30€ Bonus"}
{"supermarket":"Rewe", "brand": "Tena", "product_name": "Discreet Einlagen", "variant": "Extra, je 10-St.-Pckg. oder Discreet Ultra Einlagen Mini, je 16-St.-Pckg.", "pack_size": null, "unit": "Stück", "pack_count": null, "price": 2.99, "currency": "EUR", "promo_type": "Aktion", "compare_price": null, "uvp": null, "discount_pct": null, "valid_from": "2025-11-10", "valid_to": "2025-11-15", "special_validity": null, "notes": "0,20€ Bonus"}
{"supermarket":"Rewe", "brand": "Cottonelle", "product_name": "Feuchtes Toilettenpapier", "variant": "versch. Sorten", "pack_size": null, "unit": "Stück", "pack_count": 42, "price": 1.29, "currency": "EUR", "promo_type": "Aktion", "compare_price": null, "uvp": null, "discount_pct": null, "valid_from": "2025-11-10", "valid_to": "2025-11-15", "special_validity": null, "notes": null}
{"supermarket":"Rewe", "brand": "Purina ONE", "product_name": "Biorals Katzenfutter", "variant": "versch. Sorten", "pack_size": "6 x 50", "unit": "g", "pack_count": null, "price": 3.49, "currency": "EUR", "promo_type": "Aktion", "compare_price": "(1 kg = 11.63)", "uvp": null, "discount_pct": null, "valid_from": "2025-11-10", "valid_to": "2025-11-15", "special_validity": null, "notes": "Exklusiv bei REWE"}
{"supermarket":"Rewe", "brand": "Labello", "product_name": "Original", "variant": null, "pack_size": null, "unit": "Stück", "pack_count": 1, "price": 1.99, "currency": "EUR", "promo_type": "Aktion", "compare_price": null, "uvp": null, "discount_pct": null, "valid_from": "2025-11-10", "valid_to": "2025-11-15", "special_validity": null, "notes": null}
{"supermarket":"Rewe", "brand": "HiPP", "product_name": "Hippis Fruchtquetschen", "variant": "versch. Sorten", "pack_size": "100", "unit": "g", "pack_count": null, "price": 0.88, "currency": "EUR", "promo_type": "Aktion", "compare_price": "(1 kg = 8.80)", "uvp": null, "discount_pct": null, "valid_from": "2025-11-10", "valid_to": "2025-11-15", "special_validity": null, "notes": null}
{"supermarket":"Rewe", "brand": "Sensodyne", "product_name": "Zahncreme", "variant": "versch. Sorten", "pack_size": "75", "unit": "ml", "pack_count": null, "price": 2.49, "currency": "EUR", "promo_type": "Knaller", "compare_price": "(1 l = 33.20)", "uvp": null, "discount_pct": null, "valid_from": "2025-11-10", "valid_to": "2025-11-15", "special_validity": null, "notes": "2€ Rabatt zusätzlich beim Kauf von Produkten der teilnehmenden Marken im Wert von mind. 7€."}
{"supermarket":"Rewe", "brand": "Dr. Best", "product_name": "Zwischenzahn Zahnbürste", "variant": "versch. Sorten", "pack_size": null, "unit": "Stück", "pack_count": 1, "price": 2.79, "currency": "EUR", "promo_type": "Knaller", "compare_price": null, "uvp": null, "discount_pct": null, "valid_from": "2025-11-10", "valid_to": "2025-11-15", "special_validity": null, "notes": "2€ Rabatt zusätzlich beim Kauf von Produkten der teilnehmenden Marken im Wert von mind. 7€."}
{"supermarket":"Rewe", "brand": "Batiste", "product_name": "Trockenshampoo", "variant": "versch. Sorten", "pack_size": "200", "unit": "ml", "pack_count": null, "price": 3.29, "currency": "EUR", "promo_type": "Aktion", "compare_price": "(1 l = 16.45)", "uvp": null, "discount_pct": null, "valid_from": "2025-11-10", "valid_to": "2025-11-15", "special_validity": null, "notes": "0,30€ Bonus"}
{"supermarket":"Rewe", "brand": null, "product_name": "Zahnpasta", "variant": "Elmex Sensitive oder Meridol", "pack_size": "je 2 x 75-ml-Tuben-Pckg. oder je 75-ml-Tuben-Pckg.", "unit": null, "pack_count": null, "price": 7.79, "currency": "EUR", "promo_type": "Aktion", "compare_price": "(1 l = 51.93) bzw. (1 l = 53.87)", "uvp": null, "discount_pct": null, "valid_from": "2025-11-10", "valid_to": "2025-11-15", "special_validity": null, "notes": "2€ Rabatt zusätzlich beim Kauf von Produkten der teilnehmenden Marken im Wert von mind. 7€."}
{"supermarket":"Rewe", "brand": "blend-a-med", "product_name": "Zahncreme", "variant": "Classic oder Frisch Clean", "pack_size": "75", "unit": "ml", "pack_count": null, "price": 0.89, "currency": "EUR", "promo_type": "Aktion", "compare_price": "(1 l = 11.87)", "uvp": null, "discount_pct": null, "valid_from": "2025-11-10", "valid_to": "2025-11-15", "special_validity": null, "notes": null}
{"supermarket":"Rewe", "brand": "Listerine", "product_name": "Mundspülung", "variant": "Cool Mint oder Cool Mint Mild", "pack_size": "500", "unit": "ml", "pack_count": null, "price": 2.99, "currency": "EUR", "promo_type": "Aktion", "compare_price": "(1 l = 5.98)", "uvp": null, "discount_pct": null, "valid_from": "2025-11-10", "valid_to": "2025-11-15", "special_validity": null, "notes": null}
{"supermarket":"Rewe", "brand": "Dove", "product_name": "Advanced Care Duschcreme", "variant": "Reichhaltige Pflege", "pack_size": "225", "unit": "ml", "pack_count": null, "price": 2.49, "currency": "EUR", "promo_type": "Aktion", "compare_price": "(1 l = 11.07)", "uvp": null, "discount_pct": null, "valid_from": "2025-11-10", "valid_to": "2025-11-15", "special_validity": null, "notes": null}
{"supermarket":"Rewe", "brand": "Fa", "product_name": "Duschgel", "variant": "versch. Sorten", "pack_size": "250", "unit": "ml", "pack_count": null, "price": 1.29, "currency": "EUR", "promo_type": "Aktion", "compare_price": "(1 l = 5.16)", "uvp": null, "discount_pct": null, "valid_from": "2025-11-10", "valid_to": "2025-11-15", "special_validity": null, "notes": null}
{"supermarket":"Rewe", "brand": "Fa", "product_name": "Deospray", "variant": "versch. Sorten", "pack_size": "150", "unit": "ml", "pack_count": null, "price": 1.29, "currency": "EUR", "promo_type": "Aktion", "compare_price": "(1 l = 8.60)", "uvp": null, "discount_pct": null, "valid_from": "2025-11-10", "valid_to": "2025-11-15", "special_validity": null, "notes": null}
{"supermarket":"Rewe", "brand": "Dove", "product_name": "Advanced Care Deospray oder Deoroller", "variant": "je 150-ml-Dose oder je 50-ml-Roller", "pack_size": "150/50", "unit": "ml", "pack_count": null, "price": 2.79, "currency": "EUR", "promo_type": "Aktion", "compare_price": "(1 l = 18.60)", "uvp": null, "discount_pct": null, "valid_from": "2025-11-10", "valid_to": "2025-11-15", "special_validity": null, "notes": null}
{"supermarket":"Rewe", "brand": "Toppits", "product_name": "Backpapier Bögen", "variant": null, "pack_size": null, "unit": "Stück", "pack_count": 20, "price": 1.99, "currency": "EUR", "promo_type": "Aktion", "compare_price": null, "uvp": null, "discount_pct": null, "valid_from": "2025-11-10", "valid_to": "2025-11-15", "special_validity": null, "notes": null}
{"supermarket":"Rewe", "brand": "The Grinch", "product_name": "Kuscheldecke mit Ärmeln", "variant": "100% Polyester, ca. 127 x 178 cm, mit Tasche", "pack_size": null, "unit": "Stück", "pack_count": 1, "price": 19.99, "currency": "EUR", "promo_type": "Aktion", "compare_price": null, "uvp": null, "discount_pct": null, "valid_from": "2025-11-10", "valid_to": "2025-11-15", "special_validity": null, "notes": "Diese Artikel sind nicht ständig im Sortiment. Verkauf nur solange der Vorrat reicht. Abgabe nur in haushaltsüblichen Mengen."}
{"supermarket":"Rewe", "brand": "The Grinch", "product_name": "Damen oder Herren X-Mas Pyjama", "variant": "je Set", "pack_size": null, "unit": "Set", "pack_count": 1, "price": 14.99, "currency": "EUR", "promo_type": "Aktion", "compare_price": null, "uvp": 29.95, "discount_pct": null, "valid_from": "2025-11-10", "valid_to": "2025-11-15", "special_validity": null, "notes": "Diese Artikel sind nicht ständig im Sortiment. Verkauf nur solange der Vorrat reicht. Abgabe nur in haushaltsüblichen Mengen."}
{"supermarket":"Rewe", "brand": "The Grinch", "product_name": "Damen oder Herren X-Mas Pullover", "variant": "Größen: M-XL", "pack_size": null, "unit": "Stück", "pack_count": 1, "price": 14.99, "currency": "EUR", "promo_type": "Aktion", "compare_price": null, "uvp": 29.95, "discount_pct": null, "valid_from": "2025-11-10", "valid_to": "2025-11-15", "special_validity": null, "notes": "Diese Artikel sind nicht ständig im Sortiment. Verkauf nur solange der Vorrat reicht. Abgabe nur in haushaltsüblichen Mengen."}
{"supermarket":"Rewe", "brand": "The Grinch", "product_name": "Damen oder Herren X-Mas Hausschuhe", "variant": "Größen: 37/38-45/46", "pack_size": null, "unit": "Paar", "pack_count": 1, "price": 7.99, "currency": "EUR", "promo_type": "Aktion", "compare_price": null, "uvp": 19.95, "discount_pct": null, "valid_from": "2025-11-10", "valid_to": "2025-11-15", "special_validity": null, "notes": "Diese Artikel sind nicht ständig im Sortiment. Verkauf nur solange der Vorrat reicht. Abgabe nur in haushaltsüblichen Mengen."}
{"supermarket":"Rewe", "brand": null, "product_name": "Tischläufer", "variant": "60% Baumwolle, 40% Polyester, ca. 40 x 140 cm", "pack_size": null, "unit": "Stück", "pack_count": 1, "price": 7.99, "currency": "EUR", "promo_type": "Aktion", "compare_price": null, "uvp": 9.99, "discount_pct": null, "valid_from": "2025-11-10", "valid_to": "2025-11-15", "special_validity": null, "notes": "Diese Artikel sind nicht ständig im Sortiment. Verkauf nur solange der Vorrat reicht. Abgabe nur in haushaltsüblichen Mengen."}
{"supermarket":"Rewe", "brand": null, "product_name": "Dekokissen", "variant": "60% Baumwolle, 40% Polyester, ca. 45 x 45 cm, mit Reißverschluss", "pack_size": null, "unit": "Stück", "pack_count": 1, "price": 7.99, "currency": "EUR", "promo_type": "Aktion", "compare_price": null, "uvp": 12.99, "discount_pct": null, "valid_from": "2025-11-10", "valid_to": "2025-11-15", "special_validity": null, "notes": "Diese Artikel sind nicht ständig im Sortiment. Verkauf nur solange der Vorrat reicht. Abgabe nur in haushaltsüblichen Mengen."}
{"supermarket":"Rewe", "brand": null, "product_name": "Knotenkissen", "variant": "100% Polyester, ca. 27 x 27 cm", "pack_size": null, "unit": "Stück", "pack_count": 1, "price": 7.99, "currency": "EUR", "promo_type": "Aktion", "compare_price": null, "uvp": 12.99, "discount_pct": null, "valid_from": "2025-11-10", "valid_to": "2025-11-15", "special_validity": null, "notes": "Diese Artikel sind nicht ständig im Sortiment. Verkauf nur solange der Vorrat reicht. Abgabe nur in haushaltsüblichen Mengen."}
{"supermarket":"Rewe", "brand": null, "product_name": "Wohndecke", "variant": "100% Polyester, ca. 150 x 200 cm", "pack_size": null, "unit": "Stück", "pack_count": 1, "price": 17.99, "currency": "EUR", "promo_type": "Aktion", "compare_price": null, "uvp": null, "discount_pct": null, "valid_from": "2025-11-10", "valid_to": "2025-11-15", "special_validity": null, "notes": "Diese Artikel sind nicht ständig im Sortiment. Verkauf nur solange der Vorrat reicht. Abgabe nur in haushaltsüblichen Mengen."}
{"supermarket":"Rewe", "brand": null, "product_name": "Weihnachtsdekoration", "variant": "versch. Ausführungen", "pack_size": null, "unit": "Stück", "pack_count": 1, "price": 1.69, "currency": "EUR", "promo_type": "Aktion", "compare_price": null, "uvp": null, "discount_pct": null, "valid_from": "2025-11-10", "valid_to": "2025-11-15", "special_validity": null, "notes": "Weitere Artikel im Markt"}
{"supermarket":"Rewe", "brand": "Duni", "product_name": "Motiv-Lunchservietten", "variant": "ca. 24 x 24 cm", "pack_size": null, "unit": "Pckg", "pack_count": 1, "price": 1.99, "currency": "EUR", "promo_type": "Aktion", "compare_price": null, "uvp": null, "discount_pct": null, "valid_from": "2025-11-10", "valid_to": "2025-11-15", "special_validity": null, "notes": null}
{"supermarket":"Rewe", "brand": "Duni", "product_name": "Motiv-Servietten", "variant": "ca. 33 x 33 cm", "pack_size": null, "unit": "Pckg", "pack_count": 1, "price": 2.19, "currency": "EUR", "promo_type": "Aktion", "compare_price": null, "uvp": null, "discount_pct": null, "valid_from": "2025-11-10", "valid_to": "2025-11-15", "special_validity": null, "notes": null}
{"supermarket":"Rewe", "brand": "Duni", "product_name": "Motiv-Toilettenpapier", "variant": null, "pack_size": null, "unit": "Pckg", "pack_count": 1, "price": 3.49, "currency": "EUR", "promo_type": "Aktion", "compare_price": null, "uvp": null, "discount_pct": null, "valid_from": "2025-11-10", "valid_to": "2025-11-15", "special_validity": null, "notes": null}
{"supermarket":"Rewe", "brand": "weinberger", "product_name": "Glas-Personenwaage", "variant": null, "pack_size": null, "unit": "Stück", "pack_count": 1, "price": 7.99, "currency": "EUR", "promo_type": "Aktion", "compare_price": null, "uvp": 9.99, "discount_pct": null, "valid_from": "2025-11-10", "valid_to": "2025-11-15", "special_validity": null, "notes": null}
{"supermarket":"Rewe", "brand": "Boutique", "product_name": "Weihnachtskerzen", "variant": "versch. Ausführungen", "pack_size": null, "unit": "Pckg", "pack_count": 1, "price": 1.79, "currency": "EUR", "promo_type": "Aktion", "compare_price": null, "uvp": null, "discount_pct": null, "valid_from": "2025-11-10", "valid_to": "2025-11-15", "special_validity": null, "notes": "Diese Artikel sind nicht ständig im Sortiment. Verkauf nur solange der Vorrat reicht. Abgabe nur in haushaltsüblichen Mengen."}
{"supermarket":"Rewe", "brand": "Glade", "product_name": "Duftkerze Doppelpack", "variant": "Brenndauer je ca. 50 Std., versch. Düfte", "pack_size": null, "unit": "Pckg", "pack_count": 1, "price": 5.99, "currency": "EUR", "promo_type": "Aktion", "compare_price": null, "uvp": null, "discount_pct": null, "valid_from": "2025-11-10", "valid_to": "2025-11-15", "special_validity": null, "notes": null}
{"supermarket":"Rewe", "brand": "Denver", "product_name": "LED Leuchte »IQI-1060E«", "variant": null, "pack_size": null, "unit": "Stück", "pack_count": 1, "price": 10.0, "currency": "EUR", "promo_type": "Aktion", "compare_price": null, "uvp": 19.99, "discount_pct": null, "valid_from": "2025-11-10", "valid_to": "2025-11-15", "special_validity": null, "notes": "Handy kabellos aufladen mit QI"}
```

-----

# 
{"supermarket":"Rewe", "brand": "Wilhelm Brandenburg", "product_name": "Wiener Würstchen", "variant": "heiß und kalt zu genießen", "pack_size": "100", "unit": "g", "pack_count": null, "price": 0.88, "currency": "EUR", "promo_type": "KNALLER AKTION", "compare_price": null, "uvp": null, "discount_pct": null, "valid_from": "2025-11-10", "valid_to": "2025-11-15", "special_validity": null, "notes": "Nur an der Bedientheke!"}
{"supermarket":"Rewe", "brand": null, "product_name": "Putenbrust", "variant": null, "pack_size": "100", "unit": "g", "pack_count": null, "price": 1.99, "currency": "EUR", "promo_type": "Aktion", "compare_price": null, "uvp": null, "discount_pct": null, "valid_from": "2025-11-10", "valid_to": "2025-11-15", "special_validity": null, "notes": "Nur an der Bedientheke!"}
{"supermarket":"Rewe", "brand": "Berger", "product_name": "Beinschinken", "variant": null, "pack_size": "100", "unit": "g", "pack_count": null, "price": 1.79, "currency": "EUR", "promo_type": "Aktion", "compare_price": null, "uvp": null, "discount_pct": null, "valid_from": "2025-11-10", "valid_to": "2025-11-15", "special_validity": null, "notes": "Nur an der Bedientheke!"}
{"supermarket":"Rewe", "brand": null, "product_name": "Neuburger", "variant": "österreichische Spezialität", "pack_size": "100", "unit": "g", "pack_count": null, "price": 1.99, "currency": "EUR", "promo_type": "Aktion", "compare_price": null, "uvp": null, "discount_pct": null, "valid_from": "2025-11-10", "valid_to": "2025-11-15", "special_validity": null, "notes": "Nur an der Bedientheke!"}
{"supermarket":"Rewe", "brand": "Bartsch", "product_name": "Oldenburger Mett", "variant": "mit oder ohne Käse", "pack_size": "100", "unit": "g", "pack_count": null, "price": 1.79, "currency": "EUR", "promo_type": "Aktion", "compare_price": null, "uvp": null, "discount_pct": null, "valid_from": "2025-11-10", "valid_to": "2025-11-15", "special_validity": null, "notes": "Nur an der Bedientheke!"}
{"supermarket":"Rewe", "brand": "Wilhelm Brandenburg", "product_name": "Schinkenspeck", "variant": "geräuchert", "pack_size": "100", "unit": "g", "pack_count": null, "price": 1.59, "currency": "EUR", "promo_type": "Aktion", "compare_price": null, "uvp": null, "discount_pct": null, "valid_from": "2025-11-10", "valid_to": "2025-11-15", "special_validity": null, "notes": "Nur an der Bedientheke!"}
{"supermarket":"Rewe", "brand": "Aoste", "product_name": "Französische Baguette- oder Ring-Salami", "variant": "in frischer Bergluft gereift", "pack_size": "100", "unit": "g", "pack_count": null, "price": 2.29, "currency": "EUR", "promo_type": "Aktion", "compare_price": null, "uvp": null, "discount_pct": null, "valid_from": "2025-11-10", "valid_to": "2025-11-15", "special_validity": null, "notes": "Nur an der Bedientheke!"}
{"supermarket":"Rewe", "brand": "Grünländer", "product_name": "Schnittkäse", "variant": "mild & nussig, 48% Fett i.Tr.", "pack_size": "100", "unit": "g", "pack_count": null, "price": 0.99, "currency": "EUR", "promo_type": "Aktion", "compare_price": null, "uvp": null, "discount_pct": null, "valid_from": "2025-11-10", "valid_to": "2025-11-15", "special_validity": null, "notes": "Nur an der Bedientheke!"}
{"supermarket":"Rewe", "brand": "Westland", "product_name": "Old Amsterdam", "variant": "holl. Hartkäse, 48% Fett i.Tr.", "pack_size": "100", "unit": "g", "pack_count": null, "price": 1.69, "currency": "EUR", "promo_type": "Aktion", "compare_price": null, "uvp": null, "discount_pct": null, "valid_from": "2025-11-10", "valid_to": "2025-11-15", "special_validity": null, "notes": "Nur an der Bedientheke!"}
{"supermarket":"Rewe", "brand": "Chaumes", "product_name": "frz. Weichkäse", "variant": "versch. Sorten", "pack_size": "100", "unit": "g", "pack_count": null, "price": 1.79, "currency": "EUR", "promo_type": "Aktion", "compare_price": null, "uvp": null, "discount_pct": null, "valid_from": "2025-11-10", "valid_to": "2025-11-15", "special_validity": null, "notes": "Nur an der Bedientheke!"}
{"supermarket":"Rewe", "brand": "Saint Albray", "product_name": "Classic frz. Weichkäse", "variant": "versch. Sorten", "pack_size": "100", "unit": "g", "pack_count": null, "price": 1.79, "currency": "EUR", "promo_type": "Aktion", "compare_price": null, "uvp": null, "discount_pct": null, "valid_from": "2025-11-10", "valid_to": "2025-11-15", "special_validity": null, "notes": "Nur an der Bedientheke!"}
{"supermarket":"Rewe", "brand": "Leerdammer", "product_name": "Käsescheiben", "variant": "versch. Sorten", "pack_size": "140", "unit": "g", "pack_count": null, "price": 1.69, "currency": "EUR", "promo_type": "Knaller", "compare_price": "(1 kg = 12.07)", "uvp": null, "discount_pct": null, "valid_from": "2025-11-10", "valid_to": "2025-11-15", "special_validity": null, "notes": "0,10 € Bonus in der REWE App sammeln"}
{"supermarket":"Rewe", "brand": "Rougette", "product_name": "Ofenkäse", "variant": "fein-würzig, Weichkäse, 60% Fett i.Tr.", "pack_size": "320", "unit": "g", "pack_count": null, "price": 3.99, "currency": "EUR", "promo_type": "Aktion", "compare_price": "(1 kg = 12.47)", "uvp": null, "discount_pct": null, "valid_from": "2025-11-10", "valid_to": "2025-11-15", "special_validity": null, "notes": "0,20 € Bonus"}
{"supermarket":"Rewe", "brand": "Käserei Champignon", "product_name": "Rahm Camembert", "variant": "Weichkäse", "pack_size": "125", "unit": "g", "pack_count": null, "price": 1.89, "currency": "EUR", "promo_type": "Aktion", "compare_price": "(1 kg = 15.12)", "uvp": null, "discount_pct": null, "valid_from": "2025-11-10", "valid_to": "2025-11-15", "special_validity": null, "notes": null}
{"supermarket":"Rewe", "brand": "Milkana", "product_name": "Frischeschale Sahne", "variant": "Schmelzkäse", "pack_size": "190", "unit": "g", "pack_count": null, "price": 1.99, "currency": "EUR", "promo_type": "Aktion", "compare_price": "(1 kg = 10.47)", "uvp": null, "discount_pct": null, "valid_from": "2025-11-10", "valid_to": "2025-11-15", "special_validity": null, "notes": null}
{"supermarket":"Rewe", "brand": "Milkana", "product_name": "Käse Vielfalt", "variant": "Schmelzkäse", "pack_size": "190", "unit": "g", "pack_count": null, "price": 1.99, "currency": "EUR", "promo_type": "Aktion", "compare_price": "(1 kg = 10.47)", "uvp": null, "discount_pct": null, "valid_from": "2025-11-10", "valid_to": "2025-11-15", "special_validity": null, "notes": null}
{"supermarket":"Rewe", "brand": "Reinert", "product_name": "Bärchen Wurst", "variant": "Mortadella", "pack_size": "115", "unit": "g", "pack_count": null, "price": 1.49, "currency": "EUR", "promo_type": "Aktion", "compare_price": "(1 kg = 12.96)", "uvp": null, "discount_pct": null, "valid_from": "2025-11-10", "valid_to": "2025-11-15", "special_validity": null, "notes": "0,10 € Bonus"}
{"supermarket":"Rewe", "brand": "Reinert", "product_name": "Bärchen-Streich", "variant": "cremiger Brotaufstrich", "pack_size": "125", "unit": "g", "pack_count": null, "price": 1.49, "currency": "EUR", "promo_type": "Aktion", "compare_price": "(1 kg = 11.92)", "uvp": null, "discount_pct": null, "valid_from": "2025-11-10", "valid_to": "2025-11-15", "special_validity": null, "notes": "0,10 € Bonus"}
{"supermarket":"Rewe", "brand": "Wiesbauer", "product_name": "Bergsteiger Salami", "variant": null, "pack_size": "300", "unit": "g", "pack_count": null, "price": 4.49, "currency": "EUR", "promo_type": "Aktion", "compare_price": "(1 kg = 14.97)", "uvp": null, "discount_pct": null, "valid_from": "2025-11-10", "valid_to": "2025-11-15", "special_validity": null, "notes": null}
{"supermarket":"Rewe", "brand": "Philadelphia", "product_name": "Natur", "variant": null, "pack_size": "195", "unit": "g", "pack_count": null, "price": 1.19, "currency": "EUR", "promo_type": "Aktion", "compare_price": "(1 kg = 6.10)", "uvp": null, "discount_pct": null, "valid_from": "2025-11-10", "valid_to": "2025-11-15", "special_validity": null, "notes": null}
{"supermarket":"Rewe", "brand": "Philadelphia", "product_name": "Cottage Cheese", "variant": null, "pack_size": "200", "unit": "g", "pack_count": null, "price": 1.19, "currency": "EUR", "promo_type": "Aktion", "compare_price": "(1 kg = 5.95)", "uvp": null, "discount_pct": null, "valid_from": "2025-11-10", "valid_to": "2025-11-15", "special_validity": null, "notes": null}
{"supermarket":"Rewe", "brand": "Handl", "product_name": "Tyrolini", "variant": "versch. Sorten", "pack_size": "80", "unit": "g", "pack_count": null, "price": 1.99, "currency": "EUR", "promo_type": "Aktion", "compare_price": "(1 kg = 24.88)", "uvp": null, "discount_pct": null, "valid_from": "2025-11-10", "valid_to": "2025-11-15", "special_validity": null, "notes": null}
{"supermarket":"Rewe", "brand": "Leicht & Cross", "product_name": "Knusperbrot", "variant": "versch. Sorten", "pack_size": "125", "unit": "g", "pack_count": null, "price": 0.99, "currency": "EUR", "promo_type": "Aktion", "compare_price": "(1 kg = 7.92)", "uvp": null, "discount_pct": null, "valid_from": "2025-11-10", "valid_to": "2025-11-15", "special_validity": null, "notes": null}
{"supermarket":"Rewe", "brand": "Milka", "product_name": "Tender", "variant": "Milch", "pack_size": "37", "unit": "g", "pack_count": 5, "price": 1.99, "currency": "EUR", "promo_type": "Aktion", "compare_price": "(1 kg = 10.76)", "uvp": null, "discount_pct": null, "valid_from": "2025-11-10", "valid_to": "2025-11-15", "special_validity": null, "notes": null}
{"supermarket":"Rewe", "brand": "Milka", "product_name": "Choco & Cake", "variant": null, "pack_size": "175", "unit": "g", "pack_count": null, "price": 1.99, "currency": "EUR", "promo_type": "Aktion", "compare_price": "(1 kg = 11.37)", "uvp": null, "discount_pct": null, "valid_from": "2025-11-10", "valid_to": "2025-11-15", "special_validity": null, "notes": null}
{"supermarket":"Rewe", "brand": "Kerrygold", "product_name": "extra", "variant": "versch. Sorten", "pack_size": "400", "unit": "g", "pack_count": null, "price": 3.29, "currency": "EUR", "promo_type": "KNALLER AKTION", "compare_price": "(1 kg = 8.23)", "uvp": null, "discount_pct": null, "valid_from": "2025-11-10", "valid_to": "2025-11-15", "special_validity": null, "notes": null}
{"supermarket":"Rewe", "brand": "Milram", "product_name": "Dessertsoße Vanille", "variant": "sahnig lecker", "pack_size": "500", "unit": "ml", "pack_count": null, "price": 1.89, "currency": "EUR", "promo_type": "Aktion", "compare_price": "(1 l = 3.78)", "uvp": null, "discount_pct": null, "valid_from": "2025-11-10", "valid_to": "2025-11-15", "special_validity": null, "notes": "0,20 € Bonus"}
{"supermarket":"Rewe", "brand": "Weihenstephan", "product_name": "Cremig & Quarkig", "variant": "versch. Sorten", "pack_size": "500", "unit": "g", "pack_count": null, "price": 1.79, "currency": "EUR", "promo_type": "Aktion", "compare_price": "(1 kg = 3.58)", "uvp": null, "discount_pct": null, "valid_from": "2025-11-10", "valid_to": "2025-11-15", "special_validity": null, "notes": "0,10 € Bonus"}
{"supermarket":"Rewe", "brand": "Rama", "product_name": "Rama", "variant": "zum Streichen, Backen & Kochen", "pack_size": "400", "unit": "g", "pack_count": null, "price": 1.29, "currency": "EUR", "promo_type": "Aktion", "compare_price": "(1 kg = 3.23)", "uvp": null, "discount_pct": null, "valid_from": "2025-11-10", "valid_to": "2025-11-15", "special_validity": null, "notes": null}
{"supermarket":"Rewe", "brand": "Garden Gourmet", "product_name": "Falafel Klassik", "variant": null, "pack_size": "190", "unit": "g", "pack_count": null, "price": 2.49, "currency": "EUR", "promo_type": "Aktion", "compare_price": "(1 kg = 13.11)", "uvp": null, "discount_pct": null, "valid_from": "2025-11-10", "valid_to": "2025-11-15", "special_validity": null, "notes": "0,20 € Bonus"}
{"supermarket":"Rewe", "brand": "Garden Gourmet", "product_name": "Vegetarische Gemüsebällchen", "variant": null, "pack_size": "200", "unit": "g", "pack_count": null, "price": 2.49, "currency": "EUR", "promo_type": "Aktion", "compare_price": "(1 kg = 12.45)", "uvp": null, "discount_pct": null, "valid_from": "2025-11-10", "valid_to": "2025-11-15", "special_validity": null, "notes": "0,20 € Bonus"}
{"supermarket":"Rewe", "brand": "Weihenstephan", "product_name": "Haltbare Milch", "variant": "1,5/3,5% Fett", "pack_size": "1", "unit": "l", "pack_count": null, "price": 1.19, "currency": "EUR", "promo_type": "Aktion", "compare_price": null, "uvp": null, "discount_pct": null, "valid_from": "2025-11-10", "valid_to": "2025-11-15", "special_validity": null, "notes": "0,10 € Bonus"}
{"supermarket":"Rewe", "brand": "Kerrygold", "product_name": "Irisches Butterschmalz", "variant": null, "pack_size": "250", "unit": "g", "pack_count": null, "price": 3.49, "currency": "EUR", "promo_type": "Aktion", "compare_price": "(1 kg = 13.96)", "uvp": null, "discount_pct": null, "valid_from": "2025-11-10", "valid_to": "2025-11-15", "special_validity": null, "notes": null}
{"supermarket":"Rewe", "brand": "Ehrmann", "product_name": "High Protein Mousse", "variant": "Schoko", "pack_size": "200", "unit": "g", "pack_count": null, "price": 1.29, "currency": "EUR", "promo_type": "Aktion", "compare_price": "(1 kg = 6.45)", "uvp": null, "discount_pct": null, "valid_from": "2025-11-10", "valid_to": "2025-11-15", "special_validity": null, "notes": null}
{"supermarket":"Rewe", "brand": "Ehrmann", "product_name": "High Protein Creatine", "variant": "White Choc", "pack_size": "230", "unit": "g", "pack_count": null, "price": 1.29, "currency": "EUR", "promo_type": "Aktion", "compare_price": "(1 kg = 5.61)", "uvp": null, "discount_pct": null, "valid_from": "2025-11-10", "valid_to": "2025-11-15", "special_validity": null, "notes": null}
{"supermarket":"Rewe", "brand": "Andros", "product_name": "So Good - so Veggie", "variant": "aus Kokosmilch, versch. Sorten", "pack_size": "350", "unit": "g", "pack_count": null, "price": 1.49, "currency": "EUR", "promo_type": "Aktion", "compare_price": "(1 kg = 4.26)", "uvp": null, "discount_pct": null, "valid_from": "2025-11-10", "valid_to": "2025-11-15", "special_validity": null, "notes": null}
{"supermarket":"Rewe", "brand": "Arla", "product_name": "Skyr", "variant": "versch. Sorten", "pack_size": "450", "unit": "g", "pack_count": null, "price": 1.49, "currency": "EUR", "promo_type": "Aktion", "compare_price": "(1 kg = 3.31)", "uvp": null, "discount_pct": null, "valid_from": "2025-11-10", "valid_to": "2025-11-15", "special_validity": null, "notes": null}
{"supermarket":"Rewe", "brand": "Wagner", "product_name": "Die Backfrische Mozzarella", "variant": "tiefgefroren", "pack_size": "350", "unit": "g", "pack_count": null, "price": 1.99, "currency": "EUR", "promo_type": "Knaller", "compare_price": "(1 kg = 5.69)", "uvp": null, "discount_pct": null, "valid_from": "2025-11-10", "valid_to": "2025-11-15", "special_validity": null, "notes": "0,10 € Bonus"}
{"supermarket":"Rewe", "brand": "Wagner", "product_name": "Big City Pizza Budapest", "variant": "tiefgefroren", "pack_size": "400", "unit": "g", "pack_count": null, "price": 1.99, "currency": "EUR", "promo_type": "Knaller", "compare_price": "(1 kg = 4.98)", "uvp": null, "discount_pct": null, "valid_from": "2025-11-10", "valid_to": "2025-11-15", "special_validity": null, "notes": "0,10 € Bonus"}
{"supermarket":"Rewe", "brand": "Iglo", "product_name": "Rahm-Spinat", "variant": "tiefgefroren", "pack_size": "750", "unit": "g", "pack_count": null, "price": 1.99, "currency": "EUR", "promo_type": "Aktion", "compare_price": "(1 kg = 2.65)", "uvp": null, "discount_pct": null, "valid_from": "2025-11-10", "valid_to": "2025-11-15", "special_validity": null, "notes": "0,20 € Bonus"}
{"supermarket":"Rewe", "brand": "Iglo", "product_name": "Würz-Spinat", "variant": "tiefgefroren", "pack_size": "500", "unit": "g", "pack_count": null, "price": 1.99, "currency": "EUR", "promo_type": "Aktion", "compare_price": "(1 kg = 3.98)", "uvp": null, "discount_pct": null, "valid_from": "2025-11-10", "valid_to": "2025-11-15", "special_validity": null, "notes": "0,20 € Bonus"}
{"supermarket":"Rewe", "brand": "Homann", "product_name": "Nudelsalat", "variant": null, "pack_size": "400", "unit": "g", "pack_count": null, "price": 1.79, "currency": "EUR", "promo_type": "Aktion", "compare_price": "(1 kg = 4.48)", "uvp": null, "discount_pct": null, "valid_from": "2025-11-10", "valid_to": "2025-11-15", "special_validity": null, "notes": null}
{"supermarket":"Rewe", "brand": "Homann", "product_name": "Pellkartoffelsalat", "variant": null, "pack_size": "400", "unit": "g", "pack_count": null, "price": 1.79, "currency": "EUR", "promo_type": "Aktion", "compare_price": "(1 kg = 4.48)", "uvp": null, "discount_pct": null, "valid_from": "2025-11-10", "valid_to": "2025-11-15", "special_validity": null, "notes": null}
{"supermarket":"Rewe", "brand": "Dr. Oetker", "product_name": "Pizza Tradizionale Salame Romano", "variant": "tiefgefroren", "pack_size": "385", "unit": "g", "pack_count": null, "price": 2.22, "currency": "EUR", "promo_type": "Aktion", "compare_price": "(1 kg = 5.77)", "uvp": null, "discount_pct": null, "valid_from": "2025-11-10", "valid_to": "2025-11-15", "special_validity": null, "notes": null}
{"supermarket":"Rewe", "brand": "Dr. Oetker", "product_name": "Die Ofenfrische Vier Käse", "variant": "tiefgefroren", "pack_size": "410", "unit": "g", "pack_count": null, "price": 2.22, "currency": "EUR", "promo_type": "Aktion", "compare_price": "(1 kg = 5.41)", "uvp": null, "discount_pct": null, "valid_from": "2025-11-10", "valid_to": "2025-11-15", "special_validity": null, "notes": null}
{"supermarket":"Rewe", "brand": "Vivo", "product_name": "Brotmesser", "variant": "20 cm", "pack_size": null, "unit": null, "pack_count": null, "price": 1.0, "currency": "EUR", "promo_type": null, "compare_price": "Preis ohne Treuepunkte 39.95 €", "uvp": null, "discount_pct": 97, "valid_from": "2025-11-10", "valid_to": "2025-11-15", "special_validity": "Jetzt noch bis zum 15.11.2025 Treuepunkte in der REWE App einlösen!", "notes": "Zzgl. 70 Treuepunkten"}
{"supermarket":"Rewe", "brand": "Vivo", "product_name": "Schälmesser", "variant": "9 cm", "pack_size": null, "unit": null, "pack_count": null, "price": 1.0, "currency": "EUR", "promo_type": null, "compare_price": "Preis ohne Treuepunkte 22.95 €", "uvp": null, "discount_pct": 95, "valid_from": "2025-11-10", "valid_to": "2025-11-15", "special_validity": "Jetzt noch bis zum 15.11.2025 Treuepunkte in der REWE App einlösen!", "notes": "Zzgl. 70 Treuepunkten"}
{"supermarket":"Rewe", "brand": "Vivo", "product_name": "Universalmesser", "variant": "13 cm", "pack_size": null, "unit": null, "pack_count": null, "price": 1.0, "currency": "EUR", "promo_type": null, "compare_price": "Preis ohne Treuepunkte 22.95 €", "uvp": null, "discount_pct": 95, "valid_from": "2025-11-10", "valid_to": "2025-11-15", "special_validity": "Jetzt noch bis zum 15.11.2025 Treuepunkte in der REWE App einlösen!", "notes": "Zzgl. 70 Treuepunkten"}
{"supermarket":"Rewe", "brand": "Pantene Pro-V", "product_name": "Spülung Repair & Care", "variant": null, "pack_size": "200", "unit": "ml", "pack_count": null, "price": 3.29, "currency": "EUR", "promo_type": "Aktion", "compare_price": "(1 l = 16.45)", "uvp": null, "discount_pct": null, "valid_from": "2025-11-10", "valid_to": "2025-11-15", "special_validity": null, "notes": "0,30 € Bonus"}
{"supermarket":"Rewe", "brand": "Pantene Pro-V", "product_name": "Shampoo Repair & Care", "variant": null, "pack_size": "300", "unit": "ml", "pack_count": null, "price": 3.29, "currency": "EUR", "promo_type": "Aktion", "compare_price": "(1 l = 10.97)", "uvp": null, "discount_pct": null, "valid_from": "2025-11-10", "valid_to": "2025-11-15", "special_validity": null, "notes": "0,30 € Bonus"}
{"supermarket":"Rewe", "brand": "REWE Beste Wahl", "product_name": "Heidelbeeren", "variant": "Peru, Kl. I", "pack_size": "200", "unit": "g", "pack_count": null, "price": 2.99, "currency": "EUR", "promo_type": "Aktion", "compare_price": "(1 kg = 14.95)", "uvp": null, "discount_pct": null, "valid_from": "2025-11-10", "valid_to": "2025-11-15", "special_validity": null, "notes": null}
{"supermarket":"Rewe", "brand": "Ehrmann", "product_name": "Almighurt", "variant": "versch. Sorten", "pack_size": "150", "unit": "g", "pack_count": null, "price": 0.39, "currency": "EUR", "promo_type": "Aktion", "compare_price": "(1 kg = 2.60)", "uvp": null, "discount_pct": null, "valid_from": "2025-11-10", "valid_to": "2025-11-15", "special_validity": null, "notes": null}
{"supermarket":"Rewe", "brand": "Lenor", "product_name": "Weichspüler", "variant": "versch. Sorten", "pack_size": "756", "unit": "ml", "pack_count": null, "price": 1.99, "currency": "EUR", "promo_type": "Aktion", "compare_price": "(1 l = 2.63)", "uvp": null, "discount_pct": null, "valid_from": "2025-11-10", "valid_to": "2025-11-15", "special_validity": null, "notes": "0,20 € Bonus"}
{"supermarket":"Rewe", "brand": "Rügenwalder Mühle", "product_name": "Vegane Mühlen Salami", "variant": null, "pack_size": "80", "unit": "g", "pack_count": null, "price": 1.29, "currency": "EUR", "promo_type": "Aktion", "compare_price": "(1 kg = 16.13)", "uvp": null, "discount_pct": null, "valid_from": "2025-11-10", "valid_to": "2025-11-15", "special_validity": null, "notes": "0,20 € Bonus"}
{"supermarket":"Rewe", "brand": "Rügenwalder Mühle", "product_name": "Veganer Schinken Spicker Mortadella", "variant": null, "pack_size": "80", "unit": "g", "pack_count": null, "price": 1.29, "currency": "EUR", "promo_type": "Aktion", "compare_price": "(1 kg = 16.13)", "uvp": null, "discount_pct": null, "valid_from": "2025-11-10", "valid_to": "2025-11-15", "special_validity": null, "notes": "0,20 € Bonus"}
{"supermarket":"Rewe", "brand": "Zentis", "product_name": "Erd-Bärchen Konfitüre", "variant": "Erdbeere", "pack_size": "250", "unit": "g", "pack_count": null, "price": 1.99, "currency": "EUR", "promo_type": "Aktion", "compare_price": "(1 kg = 7.96)", "uvp": null, "discount_pct": null, "valid_from": "2025-11-10", "valid_to": "2025-11-15", "special_validity": null, "notes": null}
{"supermarket":"Rewe", "brand": "Zentis", "product_name": "Triple Zero Konfitüre", "variant": "Erdbeere", "pack_size": "185", "unit": "g", "pack_count": null, "price": 1.99, "currency": "EUR", "promo_type": "Aktion", "compare_price": "(1 kg = 10.76)", "uvp": null, "discount_pct": null, "valid_from": "2025-11-10", "valid_to": "2025-11-15", "special_validity": null, "notes": null}
{"supermarket":"Rewe", "brand": "Maggi", "product_name": "5 Minuten Terrine", "variant": "Kartoffelbrei mit Röstzwiebeln & Croutons", "pack_size": "56", "unit": "g", "pack_count": null, "price": 0.99, "currency": "EUR", "promo_type": "Aktion", "compare_price": "(1 kg = 17.68)", "uvp": null, "discount_pct": null, "valid_from": "2025-11-10", "valid_to": "2025-11-15", "special_validity": null, "notes": "0,10 € Bonus"}
{"supermarket":"Rewe", "brand": "Maggi", "product_name": "5 Minuten Terrine", "variant": "Nudeln in Rahmsauce", "pack_size": "61", "unit": "g", "pack_count": null, "price": 0.99, "currency": "EUR", "promo_type": "Aktion", "compare_price": "(1 kg = 16.23)", "uvp": null, "discount_pct": null, "valid_from": "2025-11-10", "valid_to": "2025-11-15", "special_validity": null, "notes": "0,10 € Bonus"}
{"supermarket":"Rewe", "brand": "Amecke", "product_name": "Sanfte Säfte oder Plus Säfte", "variant": "versch. Sorten, aus Konzentrat", "pack_size": "1", "unit": "l", "pack_count": null, "price": 1.99, "currency": "EUR", "promo_type": "Aktion", "compare_price": null, "uvp": null, "discount_pct": null, "valid_from": "2025-11-10", "valid_to": "2025-11-15", "special_validity": null, "notes": "0,20 € Bonus"}
{"supermarket":"Rewe", "brand": "Maggi", "product_name": "Guten Appetit Suppe", "variant": "versch. Sorten, ausreichend für 1 Liter", "pack_size": null, "unit": "Btl.", "pack_count": null, "price": 0.69, "currency": "EUR", "promo_type": "Aktion", "compare_price": null, "uvp": null, "discount_pct": null, "valid_from": "2025-11-10", "valid_to": "2025-11-15", "special_validity": null, "notes": null}
{"supermarket":"Rewe", "brand": "ja!", "product_name": "Raffinade-Zucker", "variant": "Feine Körnung", "pack_size": "1000", "unit": "g", "pack_count": null, "price": 0.99, "currency": "EUR", "promo_type": "Tiefpreis", "compare_price": null, "uvp": null, "discount_pct": null, "valid_from": "2025-11-10", "valid_to": "2025-11-15", "special_validity": null, "notes": null}
{"supermarket":"Rewe", "brand": "ja!", "product_name": "Puderzucker", "variant": null, "pack_size": "250", "unit": "g", "pack_count": null, "price": 0.49, "currency": "EUR", "promo_type": "Tiefpreis", "compare_price": "(1 kg = 1.96)", "uvp": null, "discount_pct": null, "valid_from": "2025-11-10", "valid_to": "2025-11-15", "special_validity": null, "notes": null}
{"supermarket":"Rewe", "brand": "ja!", "product_name": "Weizenmehl", "variant": "Type 405", "pack_size": "1000", "unit": "g", "pack_count": null, "price": 0.59, "currency": "EUR", "promo_type": "Tiefpreis", "compare_price": null, "uvp": null, "discount_pct": null, "valid_from": "2025-11-10", "valid_to": "2025-11-15", "special_validity": null, "notes": null}
{"supermarket":"Rewe", "brand": "ja!", "product_name": "Fruit Kicks Nektar", "variant": "versch. Sorten", "pack_size": "0.3", "unit": "l", "pack_count": null, "price": 0.79, "currency": "EUR", "promo_type": "Tiefpreis", "compare_price": "(1 l = 2.63)", "uvp": null, "discount_pct": null, "valid_from": "2025-11-10", "valid_to": "2025-11-15", "special_validity": null, "notes": "zzgl. 0.25 Pfand"}
{"supermarket":"Rewe", "brand": "ja!", "product_name": "Eistee", "variant": "versch. Sorten", "pack_size": "1.5", "unit": "l", "pack_count": null, "price": 0.79, "currency": "EUR", "promo_type": "Tiefpreis", "compare_price": "(1 l = 0.53)", "uvp": null, "discount_pct": null, "valid_from": "2025-11-10", "valid_to": "2025-11-15", "special_validity": null, "notes": "zzgl. 0.25 Pfand"}
{"supermarket":"Rewe", "brand": "ja!", "product_name": "Cola", "variant": "koffeinhaltig, versch. Sorten", "pack_size": "0.33", "unit": "l", "pack_count": null, "price": 0.39, "currency": "EUR", "promo_type": "Tiefpreis", "compare_price": "(1 l = 1.18)", "uvp": null, "discount_pct": null, "valid_from": "2025-11-10", "valid_to": "2025-11-15", "special_validity": null, "notes": "zzgl. 0.25 Pfand"}
{"supermarket":"Rewe", "brand": "ja!", "product_name": "Salat Mix", "variant": "versch. Sorten", "pack_size": "150", "unit": "g", "pack_count": null, "price": 0.75, "currency": "EUR", "promo_type": "Tiefpreis", "compare_price": "(1 kg = 5.00)", "uvp": null, "discount_pct": null, "valid_from": "2025-11-10", "valid_to": "2025-11-15", "special_validity": null, "notes": null}
{"supermarket":"Rewe", "brand": "ja!", "product_name": "Dressing", "variant": "versch. Sorten", "pack_size": "250", "unit": "ml", "pack_count": null, "price": 0.99, "currency": "EUR", "promo_type": "Tiefpreis", "compare_price": "(1 l = 3.96)", "uvp": null, "discount_pct": null, "valid_from": "2025-11-10", "valid_to": "2025-11-15", "special_validity": null, "notes": null}
{"supermarket":"Rewe", "brand": "ja!", "product_name": "Geriebener Gouda", "variant": "48% Fett i.Tr.", "pack_size": "250", "unit": "g", "pack_count": null, "price": 1.79, "currency": "EUR", "promo_type": "Tiefpreis", "compare_price": "(1 kg = 7.16)", "uvp": null, "discount_pct": null, "valid_from": "2025-11-10", "valid_to": "2025-11-15", "special_validity": null, "notes": null}
{"supermarket":"Rewe", "brand": "ja!", "product_name": "Schweine-Gulasch", "variant": "aus dem Schinken", "pack_size": "500", "unit": "g", "pack_count": null, "price": 4.19, "currency": "EUR", "promo_type": "Tiefpreis", "compare_price": "(1 kg = 8.38)", "uvp": null, "discount_pct": null, "valid_from": "2025-11-10", "valid_to": "2025-11-15", "special_validity": null, "notes": null}
{"supermarket":"Rewe", "brand": "ja!", "product_name": "Mettenden", "variant": "geräuchert", "pack_size": "300", "unit": "g", "pack_count": 4, "price": 2.79, "currency": "EUR", "promo_type": "Tiefpreis", "compare_price": "(1 kg = 9.30)", "uvp": null, "discount_pct": null, "valid_from": "2025-11-10", "valid_to": "2025-11-15", "special_validity": null, "notes": null}
{"supermarket":"Rewe", "brand": "ja!", "product_name": "Frischeiwaffeln", "variant": null, "pack_size": "250", "unit": "g", "pack_count": null, "price": 1.49, "currency": "EUR", "promo_type": "Tiefpreis", "compare_price": "(1 kg = 5.96)", "uvp": null, "discount_pct": null, "valid_from": "2025-11-10", "valid_to": "2025-11-15", "special_validity": null, "notes": null}
{"supermarket":"Rewe", "brand": "ja!", "product_name": "Feuerzeug", "variant": null, "pack_size": null, "unit": null, "pack_count": 3, "price": 0.75, "currency": "EUR", "promo_type": "Tiefpreis", "compare_price": null, "uvp": null, "discount_pct": null, "valid_from": "2025-11-10", "valid_to": "2025-11-15", "special_validity": null, "notes": null}
{"supermarket":"Rewe", "brand": "ja!", "product_name": "Anzündwürfel", "variant": "für Grill, Kamin und Feuerstellen geeignet", "pack_size": null, "unit": null, "pack_count": 64, "price": 1.79, "currency": "EUR", "promo_type": "Tiefpreis", "compare_price": null, "uvp": null, "discount_pct": null, "valid_from": "2025-11-10", "valid_to": "2025-11-15", "special_validity": null, "notes": null}
{"supermarket":"Rewe", "brand": "REWE Bio", "product_name": "Leinöl nativ", "variant": null, "pack_size": "250", "unit": "ml", "pack_count": null, "price": 2.09, "currency": "EUR", "promo_type": "Aktion", "compare_price": "(1 l = 8.36)", "uvp": null, "discount_pct": null, "valid_from": "2025-11-10", "valid_to": "2025-11-15", "special_validity": null, "notes": null}
{"supermarket":"Rewe", "brand": "REWE Bio", "product_name": "Kokosmilch", "variant": null, "pack_size": "400", "unit": "ml", "pack_count": null, "price": 1.19, "currency": "EUR", "promo_type": "Aktion", "compare_price": "(1 l = 2.98)", "uvp": null, "discount_pct": null, "valid_from": "2025-11-10", "valid_to": "2025-11-15", "special_validity": null, "notes": null}
{"supermarket":"Rewe", "brand": "REWE Bio", "product_name": "Fusilli aus 100% Dinkel", "variant": null, "pack_size": "500", "unit": "g", "pack_count": null, "price": 1.19, "currency": "EUR", "promo_type": "Aktion", "compare_price": "(1 kg = 2.38)", "uvp": null, "discount_pct": null, "valid_from": "2025-11-10", "valid_to": "2025-11-15", "special_validity": null, "notes": null}
{"supermarket":"Rewe", "brand": "REWE Bio", "product_name": "Holunderblüten Sirup", "variant": null, "pack_size": "0.5", "unit": "l", "pack_count": null, "price": 2.19, "currency": "EUR", "promo_type": "Aktion", "compare_price": "(1 l = 4.38)", "uvp": null, "discount_pct": null, "valid_from": "2025-11-10", "valid_to": "2025-11-15", "special_validity": null, "notes": null}
{"supermarket":"Rewe", "brand": "REWE Bio", "product_name": "Natives Olivenöl extra", "variant": null, "pack_size": "750", "unit": "ml", "pack_count": null, "price": 5.99, "currency": "EUR", "promo_type": "Aktion", "compare_price": "(1 l = 7.99)", "uvp": null, "discount_pct": null, "valid_from": "2025-11-10", "valid_to": "2025-11-15", "special_validity": null, "notes": null}
{"supermarket":"Rewe", "brand": "REWE Bio", "product_name": "Frühstücks-Direktsaft", "variant": null, "pack_size": "1", "unit": "l", "pack_count": null, "price": 2.09, "currency": "EUR", "promo_type": "Aktion", "compare_price": null, "uvp": null, "discount_pct": null, "valid_from": "2025-11-10", "valid_to": "2025-11-15", "special_validity": null, "notes": null}
{"supermarket":"Rewe", "brand": "REWE Bio", "product_name": "Eistee", "variant": "Zitrone & Himbeer", "pack_size": "0.5", "unit": "l", "pack_count": null, "price": 0.79, "currency": "EUR", "promo_type": "Aktion", "compare_price": "(1 l = 1.58)", "uvp": null, "discount_pct": null, "valid_from": "2025-11-10", "valid_to": "2025-11-15", "special_validity": null, "notes": null}

-----

# 
```json
{"supermarket":"Rewe", "brand": "REWE Bio", "product_name": "Steinofenbaguette", "variant": "versch. Sorten, zum Aufbacken", "pack_size": "250", "unit": "g-Pckg.", "pack_count": null, "price": 1.11, "currency": "EUR", "promo_type": "Aktion", "compare_price": "1 kg = 4.44", "uvp": null, "discount_pct": null, "valid_from": "2025-11-10", "valid_to": "2025-11-15", "special_validity": null, "notes": null}
{"supermarket":"Rewe", "brand": "REWE Bio", "product_name": "Feta", "variant": "mind. 45% Fett i.Tr.", "pack_size": "200", "unit": "g-Pckg.", "pack_count": null, "price": 2.22, "currency": "EUR", "promo_type": "Aktion", "compare_price": "1 kg = 11.10", "uvp": null, "discount_pct": null, "valid_from": "2025-11-10", "valid_to": "2025-11-15", "special_validity": null, "notes": null}
{"supermarket":"Rewe", "brand": "REWE Bio", "product_name": "Frischkäse", "variant": "Doppelrahmstufe", "pack_size": "175", "unit": "g-Pckg.", "pack_count": null, "price": 1.29, "currency": "EUR", "promo_type": "Aktion", "compare_price": "1 kg = 7.37", "uvp": null, "discount_pct": null, "valid_from": "2025-11-10", "valid_to": "2025-11-15", "special_validity": null, "notes": null}
{"supermarket":"Rewe", "brand": "REWE Bio", "product_name": "Hackfleisch gemischt", "variant": "vom Rind und Schwein", "pack_size": "400", "unit": "g-Pckg.", "pack_count": null, "price": 7.99, "currency": "EUR", "promo_type": "Aktion", "compare_price": "1 kg = 19.98", "uvp": null, "discount_pct": null, "valid_from": "2025-11-10", "valid_to": "2025-11-15", "special_validity": null, "notes": null}
{"supermarket":"Rewe", "brand": "REWE Bio", "product_name": "Kasseler", "variant": null, "pack_size": "70", "unit": "g-Pckg.", "pack_count": null, "price": 2.29, "currency": "EUR", "promo_type": "Aktion", "compare_price": "1 kg = 32.71", "uvp": null, "discount_pct": null, "valid_from": "2025-11-10", "valid_to": "2025-11-15", "special_validity": null, "notes": null}
{"supermarket":"Rewe", "brand": "REWE Bio", "product_name": "Bacon", "variant": null, "pack_size": "100", "unit": "g-Pckg.", "pack_count": null, "price": 1.79, "currency": "EUR", "promo_type": "Aktion", "compare_price": "1 kg = 17.90", "uvp": null, "discount_pct": null, "valid_from": "2025-11-10", "valid_to": "2025-11-15", "special_validity": null, "notes": null}
{"supermarket":"Rewe", "brand": "REWE Bio", "product_name": "Räucherlachs", "variant": "in Scheiben", "pack_size": "100", "unit": "g-Pckg.", "pack_count": null, "price": 3.99, "currency": "EUR", "promo_type": "Knaller", "compare_price": "1 kg = 39.90", "uvp": null, "discount_pct": null, "valid_from": "2025-11-10", "valid_to": "2025-11-15", "special_validity": null, "notes": null}
{"supermarket":"Rewe", "brand": "REWE Bio", "product_name": "Stremellachs", "variant": "Natur", "pack_size": "100", "unit": "g-Pckg.", "pack_count": null, "price": 3.99, "currency": "EUR", "promo_type": "Aktion", "compare_price": "1 kg = 39.90", "uvp": null, "discount_pct": null, "valid_from": "2025-11-10", "valid_to": "2025-11-15", "special_validity": null, "notes": null}
{"supermarket":"Rewe", "brand": "REWE Bio", "product_name": "Lachsfilet", "variant": "tiefgefroren", "pack_size": "250", "unit": "g-Pckg.", "pack_count": null, "price": 6.99, "currency": "EUR", "promo_type": "Aktion", "compare_price": "1 kg = 27.96", "uvp": null, "discount_pct": null, "valid_from": "2025-11-10", "valid_to": "2025-11-15", "special_validity": null, "notes": null}
{"supermarket":"Rewe", "brand": "Hohes C", "product_name": "100% Orangensaft", "variant": "versch. Sorten", "pack_size": "1", "unit": "l-Fl.", "pack_count": null, "price": 2.99, "currency": "EUR", "promo_type": "Knaller", "compare_price": null, "uvp": null, "discount_pct": null, "valid_from": "2025-11-10", "valid_to": "2025-11-15", "special_validity": null, "notes": "zzgl. 0.25 Pfand; 0,20 € REWE Bonus"}
{"supermarket":"Rewe", "brand": "Volvic", "product_name": "Naturelle", "variant": null, "pack_size": "1", "unit": "l-Fl.", "pack_count": null, "price": 0.65, "currency": "EUR", "promo_type": "Aktion", "compare_price": null, "uvp": null, "discount_pct": null, "valid_from": "2025-11-10", "valid_to": "2025-11-15", "special_validity": null, "notes": "zzgl. 0.25 Pfand"}
{"supermarket":"Rewe", "brand": "Heineken", "product_name": "Premium Beer oder alkoholfrei 0,0%", "variant": "versch. Sorten", "pack_size": "6 x 0,33", "unit": "l-Fl.-Sixpack", "pack_count": 6, "price": 4.99, "currency": "EUR", "promo_type": "Aktion", "compare_price": "1 l = 2.52", "uvp": null, "discount_pct": null, "valid_from": "2025-11-10", "valid_to": "2025-11-15", "special_validity": null, "notes": "zzgl. 0.48 Pfand; 0,20 € REWE Bonus"}
{"supermarket":"Rewe", "brand": "Volvic", "product_name": "Juicy", "variant": "versch. Sorten", "pack_size": "1", "unit": "l-Fl.", "pack_count": null, "price": 1.29, "currency": "EUR", "promo_type": "Aktion", "compare_price": null, "uvp": null, "discount_pct": null, "valid_from": "2025-11-10", "valid_to": "2025-11-15", "special_validity": null, "notes": "zzgl. 0.25 Pfand"}
{"supermarket":"Rewe", "brand": "Mio Mio", "product_name": "Mio Mio", "variant": "versch. Sorten, koffeinhaltig", "pack_size": "0,5", "unit": "l-Fl.", "pack_count": null, "price": 0.69, "currency": "EUR", "promo_type": "Aktion", "compare_price": "1 l = 1.38", "uvp": null, "discount_pct": null, "valid_from": "2025-11-10", "valid_to": "2025-11-15", "special_validity": null, "notes": "zzgl. 0.15 Pfand"}
{"supermarket":"Rewe", "brand": "Warsteiner", "product_name": "Pils", "variant": null, "pack_size": "24 x 0,33/20 x 0,5-l-Fl.-Kasten", "unit": null, "pack_count": null, "price": 9.99, "currency": "EUR", "promo_type": "Aktion", "compare_price": "1 l = 1.26/1.00", "uvp": null, "discount_pct": null, "valid_from": "2025-11-10", "valid_to": "2025-11-15", "special_validity": null, "notes": "zzgl. 3.42/3.10 Pfand; 0,50 € REWE Bonus"}
{"supermarket":"Rewe", "brand": "Afri Cola", "product_name": "Afri Cola Extra Koffein oder Afri Cola Zero", "variant": "koffeinhaltig", "pack_size": "6 x 1", "unit": "l-Fl.-Pckg.", "pack_count": 6, "price": 5.34, "currency": "EUR", "promo_type": "Aktion", "compare_price": "1 l = 0.89", "uvp": null, "discount_pct": null, "valid_from": "2025-11-10", "valid_to": "2025-11-15", "special_validity": null, "notes": "zzgl. 1.50 Pfand"}
{"supermarket":"Rewe", "brand": "Pepsi", "product_name": "Cola", "variant": "versch. Sorten, koffeinhaltig", "pack_size": "6 x 0,5", "unit": "l-Fl.-Pckg.", "pack_count": 6, "price": 3.49, "currency": "EUR", "promo_type": "Aktion", "compare_price": "1 l = 1.16", "uvp": null, "discount_pct": null, "valid_from": "2025-11-10", "valid_to": "2025-11-15", "special_validity": null, "notes": "zzgl. 1.50 Pfand"}
{"supermarket":"Rewe", "brand": "Paulaner", "product_name": "Weißbier oder Münchner Hell", "variant": null, "pack_size": "20 x 0,5", "unit": "l-Fl.-Kasten", "pack_count": 20, "price": 14.99, "currency": "EUR", "promo_type": "Aktion", "compare_price": "1 l = 1.50", "uvp": null, "discount_pct": null, "valid_from": "2025-11-10", "valid_to": "2025-11-15", "special_validity": null, "notes": "zzgl. 3.10 Pfand"}
{"supermarket":"Rewe", "brand": "Holsten", "product_name": "Pilsener", "variant": null, "pack_size": "0,5", "unit": "l-Dose", "pack_count": null, "price": 0.59, "currency": "EUR", "promo_type": "Aktion", "compare_price": "1 l = 1.18", "uvp": null, "discount_pct": null, "valid_from": "2025-11-10", "valid_to": "2025-11-15", "special_validity": null, "notes": "zzgl. 0.25 Pfand"}
{"supermarket":"Rewe", "brand": "Astra", "product_name": "Urtyp", "variant": null, "pack_size": "0,5", "unit": "l-Dose", "pack_count": null, "price": 0.59, "currency": "EUR", "promo_type": "Aktion", "compare_price": "1 l = 1.18", "uvp": null, "discount_pct": null, "valid_from": "2025-11-10", "valid_to": "2025-11-15", "special_validity": null, "notes": "zzgl. 0.25 Pfand"}
{"supermarket":"Rewe", "brand": "Jever", "product_name": "Pilsener oder Fun", "variant": "versch. Sorten", "pack_size": "6 x 0,33", "unit": "l-Fl.-Sixpack", "pack_count": 6, "price": 3.99, "currency": "EUR", "promo_type": "Aktion", "compare_price": "1 l = 2.02", "uvp": null, "discount_pct": null, "valid_from": "2025-11-10", "valid_to": "2025-11-15", "special_validity": null, "notes": "zzgl. 0.48 Pfand"}
{"supermarket":"Rewe", "brand": "Martini", "product_name": "Bianco Wermut", "variant": "14,5% Vol.", "pack_size": "0,75", "unit": "l-Fl.", "pack_count": null, "price": 7.99, "currency": "EUR", "promo_type": "Knaller", "compare_price": "1 l = 10.65", "uvp": null, "discount_pct": null, "valid_from": "2025-11-10", "valid_to": "2025-11-15", "special_validity": null, "notes": "0,50 € REWE Bonus"}
{"supermarket":"Rewe", "brand": "Martini", "product_name": "Vibrante Aperitif", "variant": "alkoholfrei", "pack_size": "0,75", "unit": "l-Fl.", "pack_count": null, "price": 7.99, "currency": "EUR", "promo_type": "Knaller", "compare_price": "1 l = 10.65", "uvp": null, "discount_pct": null, "valid_from": "2025-11-10", "valid_to": "2025-11-15", "special_validity": null, "notes": "0,50 € REWE Bonus"}
{"supermarket":"Rewe", "brand": "Rotkäppchen", "product_name": "Glühwein", "variant": "versch. Sorten", "pack_size": "0,75", "unit": "l-Fl.", "pack_count": null, "price": 2.99, "currency": "EUR", "promo_type": "Aktion", "compare_price": "1 l = 3.99", "uvp": null, "discount_pct": null, "valid_from": "2025-11-10", "valid_to": "2025-11-15", "special_validity": null, "notes": "0,10 € REWE Bonus"}
{"supermarket":"Rewe", "brand": "Three Sixty", "product_name": "Vodka", "variant": "37,5% Vol.", "pack_size": "0,7", "unit": "l-Fl.", "pack_count": null, "price": 9.99, "currency": "EUR", "promo_type": "Aktion", "compare_price": "1 l = 14.27", "uvp": null, "discount_pct": null, "valid_from": "2025-11-10", "valid_to": "2025-11-15", "special_validity": null, "notes": null}
{"supermarket":"Rewe", "brand": "Johnnie Walker", "product_name": "Black Label Blended Scotch Whisky", "variant": "40% Vol.", "pack_size": "0,7", "unit": "l-Fl.", "pack_count": null, "price": 19.99, "currency": "EUR", "promo_type": "Aktion", "compare_price": "1 l = 28.56", "uvp": null, "discount_pct": null, "valid_from": "2025-11-10", "valid_to": "2025-11-15", "special_validity": null, "notes": null}
{"supermarket":"Rewe", "brand": "Godefroy von Mumm", "product_name": "Jahrgangssekt", "variant": "versch. Sorten", "pack_size": "0,75", "unit": "l-Fl.", "pack_count": null, "price": 5.99, "currency": "EUR", "promo_type": "Aktion", "compare_price": "1 l = 7.99", "uvp": null, "discount_pct": null, "valid_from": "2025-11-10", "valid_to": "2025-11-15", "special_validity": null, "notes": null}
{"supermarket":"Rewe", "brand": "Schierker", "product_name": "Feuerstein", "variant": "35% Vol.", "pack_size": "0,7", "unit": "l-Fl.", "pack_count": null, "price": 8.99, "currency": "EUR", "promo_type": "Aktion", "compare_price": "1 l = 12.84", "uvp": null, "discount_pct": null, "valid_from": "2025-11-10", "valid_to": "2025-11-15", "special_validity": null, "notes": null}
{"supermarket":"Rewe", "brand": "Ramazzotti", "product_name": "Amaro", "variant": "30% Vol.", "pack_size": "0,7", "unit": "l-Fl.", "pack_count": null, "price": 9.99, "currency": "EUR", "promo_type": "Aktion", "compare_price": "1 l = 14.27", "uvp": null, "discount_pct": null, "valid_from": "2025-11-10", "valid_to": "2025-11-15", "special_validity": null, "notes": null}
{"supermarket":"Rewe", "brand": "Ramazzotti", "product_name": "Arancia", "variant": "alkoholfrei", "pack_size": "0,7", "unit": "l-Fl.", "pack_count": null, "price": 9.99, "currency": "EUR", "promo_type": "Aktion", "compare_price": "1 l = 14.27", "uvp": null, "discount_pct": null, "valid_from": "2025-11-10", "valid_to": "2025-11-15", "special_validity": null, "notes": null}
{"supermarket":"Rewe", "brand": "Söhnlein", "product_name": "Brillant Sekt oder Frucht-Sparkling", "variant": "versch. Sorten", "pack_size": "0,75", "unit": "l-Fl.", "pack_count": null, "price": 2.49, "currency": "EUR", "promo_type": "Aktion", "compare_price": "1 l = 3.32", "uvp": null, "discount_pct": null, "valid_from": "2025-11-10", "valid_to": "2025-11-15", "special_validity": null, "notes": null}
{"supermarket":"Rewe", "brand": "Gallo", "product_name": "Family oder Barefoot", "variant": "USA/Kalifornien, versch. Sorten", "pack_size": "0,75", "unit": "l-Fl.", "pack_count": null, "price": 3.99, "currency": "EUR", "promo_type": "Aktion", "compare_price": "1 l = 5.32", "uvp": null, "discount_pct": null, "valid_from": "2025-11-10", "valid_to": "2025-11-15", "special_validity": null, "notes": null}
{"supermarket":"Rewe", "brand": "Lauffener", "product_name": "Kirchenweinberg Schwarzriesling Qualitätswein", "variant": "Württemberg, halbtrocken", "pack_size": "1", "unit": "l-Fl.", "pack_count": null, "price": 3.99, "currency": "EUR", "promo_type": "Aktion", "compare_price": null, "uvp": null, "discount_pct": null, "valid_from": "2025-11-10", "valid_to": "2025-11-15", "special_validity": null, "notes": null}
{"supermarket":"Rewe", "brand": "Ben's Original", "product_name": "Express Reis", "variant": "versch. Sorten", "pack_size": "220", "unit": "g-Btl.", "pack_count": null, "price": 1.39, "currency": "EUR", "promo_type": "Knaller Aktion", "compare_price": "1 kg = 6.32", "uvp": null, "discount_pct": null, "valid_from": "2025-11-10", "valid_to": "2025-11-15", "special_validity": null, "notes": null}
{"supermarket":"Rewe", "brand": "Ben's Original", "product_name": "Sauce Süss-Sauer", "variant": "versch. Sorten", "pack_size": "400", "unit": "g-Glas", "pack_count": null, "price": 1.79, "currency": "EUR", "promo_type": "Aktion", "compare_price": "1 kg = 4.48", "uvp": null, "discount_pct": null, "valid_from": "2025-11-10", "valid_to": "2025-11-15", "special_validity": null, "notes": "0,10 € REWE Bonus"}
{"supermarket":"Rewe", "brand": "Knorr", "product_name": "Salat Krönung", "variant": "versch. Sorten", "pack_size": "5er-Pckg.", "unit": null, "pack_count": 5, "price": 0.99, "currency": "EUR", "promo_type": "Aktion", "compare_price": null, "uvp": null, "discount_pct": null, "valid_from": "2025-11-10", "valid_to": "2025-11-15", "special_validity": null, "notes": "ausreichend für 5 x 90 ml; 0,20 € REWE Bonus"}
{"supermarket":"Rewe", "brand": "Knorr", "product_name": "Feinschmecker Sauce", "variant": "versch. Sorten", "pack_size": null, "unit": "Btl.", "pack_count": null, "price": 0.99, "currency": "EUR", "promo_type": "Aktion", "compare_price": null, "uvp": null, "discount_pct": null, "valid_from": "2025-11-10", "valid_to": "2025-11-15", "special_validity": null, "notes": "ausreichend für 250 ml"}
{"supermarket":"Rewe", "brand": "Oro di Parma", "product_name": "Tomatenmark", "variant": "3-fach konzentriert", "pack_size": "200", "unit": "g-Tube", "pack_count": null, "price": 1.49, "currency": "EUR", "promo_type": "Aktion", "compare_price": "1 kg = 7.45", "uvp": null, "discount_pct": null, "valid_from": "2025-11-10", "valid_to": "2025-11-15", "special_validity": null, "notes": "0,40 € REWE Bonus"}
{"supermarket":"Rewe", "brand": "Oro di Parma", "product_name": "italienische Tomaten", "variant": "Stückig", "pack_size": "400", "unit": "g-Dose", "pack_count": null, "price": 1.49, "currency": "EUR", "promo_type": "Aktion", "compare_price": "1 kg = 3.73", "uvp": null, "discount_pct": null, "valid_from": "2025-11-10", "valid_to": "2025-11-15", "special_validity": null, "notes": "0,40 € REWE Bonus"}
{"supermarket":"Rewe", "brand": "Just Spices", "product_name": "Kartoffel Allrounder", "variant": null, "pack_size": "60", "unit": "g-Dose", "pack_count": null, "price": 2.99, "currency": "EUR", "promo_type": "Aktion", "compare_price": "1 kg = 49.83", "uvp": null, "discount_pct": null, "valid_from": "2025-11-10", "valid_to": "2025-11-15", "special_validity": null, "notes": "0,10 € REWE Bonus"}
{"supermarket":"Rewe", "brand": "Just Spices", "product_name": "Hähnchen Allrounder", "variant": null, "pack_size": "79", "unit": "g-Dose", "pack_count": null, "price": 2.99, "currency": "EUR", "promo_type": "Aktion", "compare_price": "1 kg = 37.85", "uvp": null, "discount_pct": null, "valid_from": "2025-11-10", "valid_to": "2025-11-15", "special_validity": null, "notes": "0,10 € REWE Bonus"}
{"supermarket":"Rewe", "brand": "Maggi", "product_name": "Fix Lachs-Sahne Gratin", "variant": null, "pack_size": "26", "unit": "g-Btl.", "pack_count": null, "price": 0.49, "currency": "EUR", "promo_type": "Aktion", "compare_price": "1 kg = 18.85", "uvp": null, "discount_pct": null, "valid_from": "2025-11-10", "valid_to": "2025-11-15", "special_validity": null, "notes": null}
{"supermarket":"Rewe", "brand": "Maggi", "product_name": "Airfryer Paprika Pommes Frites", "variant": null, "pack_size": "34", "unit": "g-Btl.", "pack_count": null, "price": 0.49, "currency": "EUR", "promo_type": "Aktion", "compare_price": "1 kg = 14.41", "uvp": null, "discount_pct": null, "valid_from": "2025-11-10", "valid_to": "2025-11-15", "special_validity": null, "notes": null}
{"supermarket":"Rewe", "brand": "Pfanni", "product_name": "Kartoffel Püree", "variant": "das Lockere", "pack_size": "240", "unit": "g-Pckg.", "pack_count": null, "price": 1.69, "currency": "EUR", "promo_type": "Aktion", "compare_price": "1 kg = 7.04", "uvp": null, "discount_pct": null, "valid_from": "2025-11-10", "valid_to": "2025-11-15", "special_validity": null, "notes": "0,20 € REWE Bonus"}
{"supermarket":"Rewe", "brand": "Pfanni", "product_name": "Kartoffel Püree", "variant": "das Komplette", "pack_size": "283.5", "unit": "g-Pckg.", "pack_count": null, "price": 1.69, "currency": "EUR", "promo_type": "Aktion", "compare_price": "1 kg = 5.96", "uvp": null, "discount_pct": null, "valid_from": "2025-11-10", "valid_to": "2025-11-15", "special_validity": null, "notes": "0,20 € REWE Bonus"}
{"supermarket":"Rewe", "brand": "Lacroix", "product_name": "Doppelte Kraftbrühe oder Rinder Fond", "variant": null, "pack_size": "400", "unit": "ml-Dose/Glas", "pack_count": null, "price": 1.99, "currency": "EUR", "promo_type": "Aktion", "compare_price": "1 l = 4.98", "uvp": null, "discount_pct": null, "valid_from": "2025-11-10", "valid_to": "2025-11-15", "special_validity": null, "notes": null}
{"supermarket":"Rewe", "brand": "Hengstenberg", "product_name": "Cornichons", "variant": null, "pack_size": "190", "unit": "g-Abtropfgew.", "pack_count": null, "price": 1.99, "currency": "EUR", "promo_type": "Aktion", "compare_price": "1 kg = 10.47", "uvp": null, "discount_pct": null, "valid_from": "2025-11-10", "valid_to": "2025-11-15", "special_validity": null, "notes": null}
{"supermarket":"Rewe", "brand": "Ferrero", "product_name": "Küsschen", "variant": null, "pack_size": "178", "unit": "g-Pckg.", "pack_count": null, "price": 2.79, "currency": "EUR", "promo_type": "Knaller", "compare_price": "1 kg = 15.67", "uvp": null, "discount_pct": null, "valid_from": "2025-11-10", "valid_to": "2025-11-15", "special_validity": null, "notes": "0,30 € REWE Bonus"}
{"supermarket":"Rewe", "brand": "Ferrero", "product_name": "Mon Chéri", "variant": null, "pack_size": "157", "unit": "g-Pckg.", "pack_count": null, "price": 2.79, "currency": "EUR", "promo_type": "Knaller", "compare_price": "1 kg = 17.77", "uvp": null, "discount_pct": null, "valid_from": "2025-11-10", "valid_to": "2025-11-15", "special_validity": null, "notes": "0,30 € REWE Bonus"}
{"supermarket":"Rewe", "brand": "Milka", "product_name": "Schokolade", "variant": "versch. Sorten", "pack_size": "90", "unit": "g-Tafel", "pack_count": null, "price": 1.11, "currency": "EUR", "promo_type": "Aktion", "compare_price": "1 kg = 12.33", "uvp": null, "discount_pct": null, "valid_from": "2025-11-10", "valid_to": "2025-11-15", "special_validity": null, "notes": "0,10 € REWE Bonus"}
{"supermarket":"Rewe", "brand": "Leibniz", "product_name": "Pick up!", "variant": null, "pack_size": "125", "unit": "g-Btl.", "pack_count": null, "price": 1.49, "currency": "EUR", "promo_type": "Aktion", "compare_price": "1 kg = 11.92", "uvp": null, "discount_pct": null, "valid_from": "2025-11-10", "valid_to": "2025-11-15", "special_validity": null, "notes": null}
{"supermarket":"Rewe", "brand": "Haribo", "product_name": "Fruchtgummi oder Lakritz", "variant": "versch. Sorten", "pack_size": "750", "unit": "g-Dose", "pack_count": null, "price": 3.99, "currency": "EUR", "promo_type": "Aktion", "compare_price": "1 kg = 5.32", "uvp": null, "discount_pct": null, "valid_from": "2025-11-10", "valid_to": "2025-11-15", "special_validity": null, "notes": "0,60 € REWE Bonus"}
{"supermarket":"Rewe", "brand": "Bahlsen", "product_name": "Hazelnut oder Choc", "variant": "Vollmilch", "pack_size": "100", "unit": "g-Pckg.", "pack_count": null, "price": 2.49, "currency": "EUR", "promo_type": "Aktion", "compare_price": "1 kg = 24.90", "uvp": null, "discount_pct": null, "valid_from": "2025-11-10", "valid_to": "2025-11-15", "special_validity": null, "notes": null}
{"supermarket":"Rewe", "brand": "Köln", "product_name": "Cookies Schoko & Keks Hafer Müsli", "variant": null, "pack_size": "440", "unit": "g-Pckg.", "pack_count": null, "price": 2.49, "currency": "EUR", "promo_type": "Aktion", "compare_price": null, "uvp": null, "discount_pct": null, "valid_from": "2025-11-10", "valid_to": "2025-11-15", "special_validity": null, "notes": null}
{"supermarket":"Rewe", "brand": "Köln", "product_name": "Schoko weniger Zucker Hafer Müsli", "variant": null, "pack_size": "450", "unit": "g-Pckg.", "pack_count": null, "price": 2.49, "currency": "EUR", "promo_type": "Aktion", "compare_price": null, "uvp": null, "discount_pct": null, "valid_from": "2025-11-10", "valid_to": "2025-11-15", "special_validity": null, "notes": null}
{"supermarket":"Rewe", "brand": "Teekanne", "product_name": "Pfefferminztee", "variant": null, "pack_size": "45", "unit": "g-Pckg.", "pack_count": null, "price": 1.69, "currency": "EUR", "promo_type": "Aktion", "compare_price": "1 kg = 37.56", "uvp": null, "discount_pct": null, "valid_from": "2025-11-10", "valid_to": "2025-11-15", "special_validity": null, "notes": "0,30 € REWE Bonus"}
{"supermarket":"Rewe", "brand": "Teekanne", "product_name": "Früchtetee", "variant": "Waldbeere", "pack_size": "50", "unit": "g-Pckg.", "pack_count": null, "price": 1.69, "currency": "EUR", "promo_type": "Aktion", "compare_price": "1 kg = 33.80", "uvp": null, "discount_pct": null, "valid_from": "2025-11-10", "valid_to": "2025-11-15", "special_validity": null, "notes": "0,30 € REWE Bonus"}
{"supermarket":"Rewe", "brand": "Melitta", "product_name": "Auslese Kaffee", "variant": "versch. Sorten, gemahlener Bohnenkaffee", "pack_size": "500", "unit": "g-Pckg.", "pack_count": null, "price": 6.99, "currency": "EUR", "promo_type": "Aktion", "compare_price": "1 kg = 13.98", "uvp": null, "discount_pct": null, "valid_from": "2025-11-10", "valid_to": "2025-11-15", "special_validity": null, "notes": null}
{"supermarket":"Rewe", "brand": "Segafredo", "product_name": "Caffè Crema", "variant": "ganze Bohnen", "pack_size": "1000", "unit": "g-Btl.", "pack_count": null, "price": 13.99, "currency": "EUR", "promo_type": "Aktion", "compare_price": null, "uvp": null, "discount_pct": null, "valid_from": "2025-11-10", "valid_to": "2025-11-15", "special_validity": null, "notes": null}
{"supermarket":"Rewe", "brand": "REWE to go", "product_name": "Ice Tea", "variant": "versch. Sorten", "pack_size": "500", "unit": "ml-Fl.", "pack_count": null, "price": 1.11, "currency": "EUR", "promo_type": "Aktion", "compare_price": "1 l = 2.22", "uvp": null, "discount_pct": null, "valid_from": "2025-11-10", "valid_to": "2025-11-15", "special_validity": null, "notes": "zzgl. 0.25 Pfand"}
{"supermarket":"Rewe", "brand": "REWE to go", "product_name": "Wrap Hummus Spinat", "variant": "vegan", "pack_size": "175", "unit": "g-Pckg.", "pack_count": null, "price": 2.29, "currency": "EUR", "promo_type": "Aktion", "compare_price": "1 kg = 13.09", "uvp": null, "discount_pct": null, "valid_from": "2025-11-10", "valid_to": "2025-11-15", "special_validity": null, "notes": null}
{"supermarket":"Rewe", "brand": "REWE to go", "product_name": "Falafel-Veta Bowl", "variant": null, "pack_size": "325", "unit": "g-Schale", "pack_count": null, "price": 2.79, "currency": "EUR", "promo_type": "Aktion", "compare_price": "1 kg = 8.58", "uvp": null, "discount_pct": null, "valid_from": "2025-11-10", "valid_to": "2025-11-15", "special_validity": null, "notes": null}
{"supermarket":"Rewe", "brand": "REWE to go", "product_name": "Onigiri", "variant": "versch. Sorten", "pack_size": "130", "unit": "g-Pckg.", "pack_count": null, "price": 2.19, "currency": "EUR", "promo_type": "Aktion", "compare_price": "1 kg = 16.85", "uvp": null, "discount_pct": null, "valid_from": "2025-11-10", "valid_to": "2025-11-15", "special_validity": null, "notes": null}
{"supermarket":"Rewe", "brand": "REWE to go", "product_name": "Karottini", "variant": null, "pack_size": "250", "unit": "g-Btl.", "pack_count": null, "price": 0.79, "currency": "EUR", "promo_type": "Aktion", "compare_price": "1 kg = 3.16", "uvp": null, "discount_pct": null, "valid_from": "2025-11-10", "valid_to": "2025-11-15", "special_validity": null, "notes": null}
{"supermarket":"Rewe", "brand": "REWE to go", "product_name": "Fruchtmix", "variant": null, "pack_size": "150", "unit": "g-Schale", "pack_count": null, "price": 1.59, "currency": "EUR", "promo_type": "Aktion", "compare_price": "1 kg = 10.60", "uvp": null, "discount_pct": null, "valid_from": "2025-11-10", "valid_to": "2025-11-15", "special_validity": null, "notes": null}
{"supermarket":"Rewe", "brand": "REWE to go", "product_name": "Granatapfelkerne", "variant": null, "pack_size": "80", "unit": "g-Schale", "pack_count": null, "price": 1.49, "currency": "EUR", "promo_type": "Aktion", "compare_price": "1 kg = 18.63", "uvp": null, "discount_pct": null, "valid_from": "2025-11-10", "valid_to": "2025-11-15", "special_validity": null, "notes": null}
{"supermarket":"Rewe", "brand": "REWE to go", "product_name": "Oriental Mix", "variant": null, "pack_size": "150", "unit": "g-Becher", "pack_count": null, "price": 1.59, "currency": "EUR", "promo_type": "Aktion", "compare_price": "1 kg = 10.60", "uvp": null, "discount_pct": null, "valid_from": "2025-11-10", "valid_to": "2025-11-15", "special_validity": null, "notes": null}
{"supermarket":"Rewe", "brand": "REWE to go", "product_name": "Meal Deal: Salatschale und Shot", "variant": "versch. Sorten", "pack_size": null, "unit": null, "pack_count": null, "price": 3.33, "currency": "EUR", "promo_type": "Aktion", "compare_price": null, "uvp": null, "discount_pct": null, "valid_from": "2025-11-10", "valid_to": "2025-11-15", "special_validity": null, "notes": "Kombination aus einer REWE to go Salatschale (z.B. 310g, Einzelpreis 2.99 €) und einem REWE to go Shot (z.B. 60ml, Einzelpreis 1.49 €)."}
{"supermarket":"Rewe", "brand": "REWE to go", "product_name": "Granatapfelsaft", "variant": null, "pack_size": "500", "unit": "ml-Fl.", "pack_count": null, "price": 1.59, "currency": "EUR", "promo_type": "Aktion", "compare_price": "1 l = 3.18", "uvp": null, "discount_pct": null, "valid_from": "2025-11-10", "valid_to": "2025-11-15", "special_validity": null, "notes": "zzgl. 0.25 Pfand"}
{"supermarket":"Rewe", "brand": "REWE to go", "product_name": "Apfel-Traube-Cranberry Saft", "variant": null, "pack_size": "500", "unit": "ml-Fl.", "pack_count": null, "price": 1.59, "currency": "EUR", "promo_type": "Aktion", "compare_price": "1 l = 3.18", "uvp": null, "discount_pct": null, "valid_from": "2025-11-10", "valid_to": "2025-11-15", "special_validity": null, "notes": "zzgl. 0.25 Pfand"}
{"supermarket":"Rewe", "brand": "REWE to go", "product_name": "Frühstücksmüsli", "variant": "versch. Sorten", "pack_size": "285", "unit": "g-Becher", "pack_count": null, "price": 1.59, "currency": "EUR", "promo_type": "Aktion", "compare_price": "1 kg = 5.58", "uvp": null, "discount_pct": null, "valid_from": "2025-11-10", "valid_to": "2025-11-15", "special_validity": null, "notes": null}
{"supermarket":"Rewe", "brand": "REWE to go", "product_name": "Cheesecake Dessert", "variant": "Kirsch Schoko", "pack_size": "180", "unit": "g-Becher", "pack_count": null, "price": 1.59, "currency": "EUR", "promo_type": "Aktion", "compare_price": "1 kg = 8.83", "uvp": null, "discount_pct": null, "valid_from": "2025-11-10", "valid_to": "2025-11-15", "special_validity": null, "notes": null}
{"supermarket":"Rewe", "brand": "REWE to go", "product_name": "Quarkcreme", "variant": "Mandarine", "pack_size": "250", "unit": "g-Becher", "pack_count": null, "price": 1.59, "currency": "EUR", "promo_type": "Aktion", "compare_price": "1 kg = 6.36", "uvp": null, "discount_pct": null, "valid_from": "2025-11-10", "valid_to": "2025-11-15", "special_validity": null, "notes": null}
{"supermarket":"Rewe", "brand": "REWE to go", "product_name": "Bananenbrot", "variant": "versch. Sorten", "pack_size": "75", "unit": "g-Pckg.", "pack_count": null, "price": 1.49, "currency": "EUR", "promo_type": "Aktion", "compare_price": "1 kg = 19.87", "uvp": null, "discount_pct": null, "valid_from": "2025-11-10", "valid_to": "2025-11-15", "special_validity": null, "notes": null}
{"supermarket":"Rewe", "brand": "REWE to go", "product_name": "Sushi Box Yuriko", "variant": null, "pack_size": "360", "unit": "g-Pckg.", "pack_count": null, "price": 6.49, "currency": "EUR", "promo_type": "Aktion", "compare_price": "1 kg = 18.03", "uvp": null, "discount_pct": null, "valid_from": "2025-11-10", "valid_to": "2025-11-15", "special_validity": null, "notes": null}
{"supermarket":"Rewe", "brand": "REWE to go", "product_name": "Sushi Tori", "variant": null, "pack_size": "190", "unit": "g-Pckg.", "pack_count": null, "price": 2.49, "currency": "EUR", "promo_type": "Aktion", "compare_price": "1 kg = 13.11", "uvp": null, "discount_pct": null, "valid_from": "2025-11-10", "valid_to": "2025-11-15", "special_validity": null, "notes": null}
{"supermarket":"Rewe", "brand": "REWE to go", "product_name": "Suppe", "variant": "versch. Sorten", "pack_size": "430", "unit": "ml-Becher", "pack_count": null, "price": 2.29, "currency": "EUR", "promo_type": "Aktion", "compare_price": "1 l = 5.33", "uvp": null, "discount_pct": null, "valid_from": "2025-11-10", "valid_to": "2025-11-15", "special_validity": null, "notes": null}
{"supermarket":"Rewe", "brand": "REWE Bio", "product_name": "Wiener Würstchen", "variant": "Spitzenqualität", "pack_size": "200", "unit": "g-Pckg.", "pack_count": null, "price": 2.59, "currency": "EUR", "promo_type": "Aktion", "compare_price": "1 kg = 12.95", "uvp": null, "discount_pct": null, "valid_from": "2025-11-10", "valid_to": "2025-11-15", "special_validity": null, "notes": null}
{"supermarket":"Rewe", "brand": "REWE Bio", "product_name": "Baguette Salami", "variant": null, "pack_size": "80", "unit": "g-Pckg.", "pack_count": null, "price": 1.59, "currency": "EUR", "promo_type": "Aktion", "compare_price": "1 kg = 19.88", "uvp": null, "discount_pct": null, "valid_from": "2025-11-10", "valid_to": "2025-11-15", "special_validity": null, "notes": null}
{"supermarket":"Rewe", "brand": "REWE Bio", "product_name": "Schinkenwurst", "variant": null, "pack_size": "100", "unit": "g-Pckg.", "pack_count": null, "price": 1.29, "currency": "EUR", "promo_type": "Aktion", "compare_price": "1 kg = 12.90", "uvp": null, "discount_pct": null, "valid_from": "2025-11-10", "valid_to": "2025-11-15", "special_validity": null, "notes": null}
{"supermarket":"Rewe", "brand": "REWE Bio", "product_name": "Hirtenkäse", "variant": "45% Fett i.Tr.", "pack_size": "200", "unit": "g-Pckg.", "pack_count": null, "price": 1.79, "currency": "EUR", "promo_type": "Aktion", "compare_price": "1 kg = 8.95", "uvp": null, "discount_pct": null, "valid_from": "2025-11-10", "valid_to": "2025-11-15", "special_validity": null, "notes": null}
```

-----

# 
```json
{"supermarket":"Rewe", "brand": "Monster", "product_name": "Energy Drink", "variant": "versch. Sorten, koffeinhaltig", "pack_size": "0,5", "unit": "l-Dose", "pack_count": null, "price": 0.77, "currency": "EUR", "promo_type": "Aktion", "compare_price": "1 l = 1.54", "uvp": null, "discount_pct": null, "valid_from": "2025-11-10", "valid_to": "2025-11-15", "special_validity": null, "notes": "zzgl. 0.25 Pfand"}
{"supermarket":"Rewe", "brand": "Gourmet", "product_name": "Gold oder Perle Katzennahrung", "variant": "versch. Sorten", "pack_size": "85", "unit": "g-Dose/Btl.", "pack_count": null, "price": 0.49, "currency": "EUR", "promo_type": "Knaller", "compare_price": "1 kg = 5.76", "uvp": null, "discount_pct": null, "valid_from": "2025-11-10", "valid_to": "2025-11-15", "special_validity": null, "notes": "0,10 € Bonus"}
{"supermarket":"Rewe", "brand": "REWE Beste Wahl", "product_name": "Bananen", "variant": "Ursprung: siehe Etikett", "pack_size": "1", "unit": "kg", "pack_count": null, "price": 1.79, "currency": "EUR", "promo_type": "Knaller", "compare_price": null, "uvp": null, "discount_pct": null, "valid_from": "2025-11-10", "valid_to": "2025-11-15", "special_validity": null, "notes": null}
{"supermarket":"Rewe", "brand": null, "product_name": "Schweine-Filet", "variant": null, "pack_size": "100", "unit": "g", "pack_count": null, "price": 0.99, "currency": "EUR", "promo_type": "Knaller", "compare_price": null, "uvp": null, "discount_pct": null, "valid_from": "2025-11-10", "valid_to": "2025-11-15", "special_validity": null, "notes": null}
{"supermarket":"Rewe", "brand": "Ehrmann", "product_name": "High Protein Pudding mit Topping oder High Protein Joghurt", "variant": "versch. Sorten", "pack_size": "200", "unit": "g-Becher", "pack_count": null, "price": 0.99, "currency": "EUR", "promo_type": "Knaller", "compare_price": "1 kg = 4.95", "uvp": null, "discount_pct": null, "valid_from": "2025-11-10", "valid_to": "2025-11-15", "special_validity": null, "notes": "0,10 € Bonus"}
{"supermarket":"Rewe", "brand": "Nutella", "product_name": "Nutella", "variant": null, "pack_size": "450", "unit": "g-Glas", "pack_count": null, "price": 1.99, "currency": "EUR", "promo_type": "Knaller", "compare_price": "1 kg = 4.42", "uvp": null, "discount_pct": null, "valid_from": "2025-11-10", "valid_to": "2025-11-15", "special_validity": null, "notes": null}
{"supermarket":"Rewe", "brand": "Beck's", "product_name": "Pils", "variant": "versch. Sorten", "pack_size": "24 x 0,33/20 x 0,5", "unit": "l-Fl.-Kasten", "pack_count": null, "price": 10.49, "currency": "EUR", "promo_type": "Knaller", "compare_price": "1 l = 1.32/1.05", "uvp": null, "discount_pct": null, "valid_from": "2025-11-10", "valid_to": "2025-11-15", "special_validity": null, "notes": "zzgl. 3.42/3.10 Pfand"}
{"supermarket":"Rewe", "brand": "Milka", "product_name": "extra", "variant": "versch. Sorten", "pack_size": "190", "unit": "g-Tafel", "pack_count": null, "price": null, "currency": "EUR", "promo_type": "Bonus", "compare_price": null, "uvp": null, "discount_pct": null, "valid_from": "2025-11-10", "valid_to": "2025-11-15", "special_validity": null, "notes": "2,00 € Bonus in der REWE App. Preisinformationen zu den einzelnen Artikeln findest du im Markt."}
{"supermarket":"Rewe", "brand": "Appel", "product_name": "Zarte Filets vom Hering", "variant": "versch. Sorten", "pack_size": "200", "unit": "g-Dose", "pack_count": null, "price": null, "currency": "EUR", "promo_type": "Bonus", "compare_price": null, "uvp": null, "discount_pct": null, "valid_from": "2025-11-10", "valid_to": "2025-11-15", "special_validity": null, "notes": "0,90 € Bonus in der REWE App. Preisinformationen zu den einzelnen Artikeln findest du im Markt."}
{"supermarket":"Rewe", "brand": "Bertolli", "product_name": "Olivenöl", "variant": "versch. Sorten", "pack_size": "500", "unit": "ml-Fl.", "pack_count": null, "price": null, "currency": "EUR", "promo_type": "Bonus", "compare_price": null, "uvp": null, "discount_pct": null, "valid_from": "2025-11-10", "valid_to": "2025-11-15", "special_validity": null, "notes": "2,00 € Bonus in der REWE App. Preisinformationen zu den einzelnen Artikeln findest du im Markt."}
{"supermarket":"Rewe", "brand": "Purina One", "product_name": "Katzennahrung", "variant": "versch. Sorten", "pack_size": "750", "unit": "g-Btl.", "pack_count": null, "price": null, "currency": "EUR", "promo_type": "Bonus", "compare_price": null, "uvp": null, "discount_pct": null, "valid_from": "2025-11-10", "valid_to": "2025-11-15", "special_validity": null, "notes": "1,00 € Bonus in der REWE App. Preisinformationen zu den einzelnen Artikeln findest du im Markt."}
{"supermarket":"Rewe", "brand": "HEY CLAY", "product_name": "Überraschungsbox", "variant": null, "pack_size": null, "unit": null, "pack_count": null, "price": null, "currency": "EUR", "promo_type": "Bonus", "compare_price": null, "uvp": null, "discount_pct": null, "valid_from": "2025-11-10", "valid_to": "2025-11-15", "special_validity": null, "notes": "*Nur für Neukunden: 4,44 € Bonus-Guthaben. Aktion gilt bis 15.11.2025. Der Bonus-Coupon muss innerhalb von zwei Wochen aktiviert und eingelöst werden. Nur solange der Vorrat reicht. Barauszahlung nicht möglich."}
{"supermarket":"Rewe", "brand": "Meggle", "product_name": "Baguette", "variant": "versch. Sorten", "pack_size": "160", "unit": "g-Pckg.", "pack_count": null, "price": 1.29, "currency": "EUR", "promo_type": "Aktion", "compare_price": "1 kg = 8.06", "uvp": null, "discount_pct": null, "valid_from": "2025-11-10", "valid_to": "2025-11-15", "special_validity": null, "notes": "0,20 € Bonus"}
{"supermarket":"Rewe", "brand": "Tulip", "product_name": "Bacon", "variant": "in Scheiben", "pack_size": "125", "unit": "g-Pckg.", "pack_count": null, "price": 1.49, "currency": "EUR", "promo_type": "Aktion", "compare_price": "1 kg = 11.92", "uvp": null, "discount_pct": null, "valid_from": "2025-11-10", "valid_to": "2025-11-15", "special_validity": null, "notes": "*Nicht in allen Märkten erhältlich."}
{"supermarket":"Rewe", "brand": "Panificio", "product_name": "Wurzelbrot Walnuss", "variant": null, "pack_size": "350", "unit": "g-Pckg.", "pack_count": null, "price": 1.79, "currency": "EUR", "promo_type": "Aktion", "compare_price": "1 kg = 5.11", "uvp": null, "discount_pct": null, "valid_from": "2025-11-10", "valid_to": "2025-11-15", "special_validity": null, "notes": null}
{"supermarket":"Rewe", "brand": "Meggle", "product_name": "Kräuter-Tube Vegan oder Kräuter-Butter", "variant": null, "pack_size": "80-ml-Tube oder 5 x 20-g-Pckg.", "unit": null, "pack_count": null, "price": 1.49, "currency": "EUR", "promo_type": "Aktion", "compare_price": "1 l = 18.63 oder 1 kg = 14.90", "uvp": null, "discount_pct": null, "valid_from": "2025-11-10", "valid_to": "2025-11-15", "special_validity": null, "notes": "0,10 € Bonus"}
{"supermarket":"Rewe", "brand": "REWE Bio", "product_name": "Geflügel Rostbratwurst", "variant": null, "pack_size": "160", "unit": "g-Pckg.", "pack_count": null, "price": 2.79, "currency": "EUR", "promo_type": "Aktion", "compare_price": "1 kg = 17.44", "uvp": null, "discount_pct": null, "valid_from": "2025-11-10", "valid_to": "2025-11-15", "special_validity": null, "notes": "*Nicht in allen Märkten erhältlich."}
{"supermarket":"Rewe", "brand": "Saupiquet", "product_name": "Thunfisch-Salat", "variant": "versch. Sorten", "pack_size": "160", "unit": "g-Dosen-Pckg.", "pack_count": null, "price": 2.29, "currency": "EUR", "promo_type": "Aktion", "compare_price": "1 kg = 14.31", "uvp": null, "discount_pct": null, "valid_from": "2025-11-10", "valid_to": "2025-11-15", "special_validity": null, "notes": null}
{"supermarket":"Rewe", "brand": "Löwensenf", "product_name": "extra scharf", "variant": null, "pack_size": "250", "unit": "ml-Glas", "pack_count": null, "price": 1.49, "currency": "EUR", "promo_type": "Aktion", "compare_price": "1 l = 5.96", "uvp": null, "discount_pct": null, "valid_from": "2025-11-10", "valid_to": "2025-11-15", "special_validity": null, "notes": null}
{"supermarket":"Rewe", "brand": "Grand Sud", "product_name": "Vin de France", "variant": "versch. Sorten, trocken", "pack_size": "1", "unit": "l-Fl.", "pack_count": null, "price": 3.29, "currency": "EUR", "promo_type": "Aktion", "compare_price": null, "uvp": null, "discount_pct": null, "valid_from": "2025-11-10", "valid_to": "2025-11-15", "special_validity": null, "notes": "0,30 € Bonus"}
{"supermarket":"Rewe", "brand": "Burgland", "product_name": "Frisches Hähnchen-Brustfilet XXL Packung", "variant": "Teilstück", "pack_size": "800", "unit": "g-Pckg.", "pack_count": null, "price": 9.99, "currency": "EUR", "promo_type": "Aktion", "compare_price": "1 kg = 12.49", "uvp": null, "discount_pct": null, "valid_from": "2025-11-10", "valid_to": "2025-11-15", "special_validity": null, "notes": "*Am Produkt findest du das Regionalfenster mit genauen Informationen zur Herkunft."}
{"supermarket":"Rewe", "brand": "Coca-Cola", "product_name": "Coca-Cola, Fanta oder Sprite", "variant": "versch. Sorten, teilw. koffeinhaltig", "pack_size": "1,5", "unit": "l-Fl.", "pack_count": null, "price": 1.39, "currency": "EUR", "promo_type": "Aktion", "compare_price": "1 l = 0.93", "uvp": null, "discount_pct": null, "valid_from": "2025-11-10", "valid_to": "2025-11-15", "special_validity": null, "notes": "zzgl. 0.25 Pfand"}
{"supermarket":"Rewe", "brand": "König Pilsener", "product_name": "Pilsener", "variant": null, "pack_size": "24 x 0,33/20 x 0,5", "unit": "l-Fl.-Kasten", "pack_count": null, "price": 10.99, "currency": "EUR", "promo_type": "Aktion", "compare_price": "1 l = 1.39/1.10", "uvp": null, "discount_pct": null, "valid_from": "2025-11-10", "valid_to": "2025-11-15", "special_validity": null, "notes": "zzgl. 3.42/3.10 Pfand"}
{"supermarket":"Rewe", "brand": "Heinz", "product_name": "Tomato Ketchup oder Mayonnaise", "variant": null, "pack_size": "400", "unit": "ml-Fl.", "pack_count": null, "price": 1.79, "currency": "EUR", "promo_type": "Aktion", "compare_price": "1 l = 4.48", "uvp": null, "discount_pct": null, "valid_from": "2025-11-10", "valid_to": "2025-11-15", "special_validity": null, "notes": null}
{"supermarket":"Rewe", "brand": "REWE Beste Wahl", "product_name": "Clementinen", "variant": "Spanien, Sorte: siehe Etikett, Kl. I", "pack_size": "1", "unit": "kg-Netz", "pack_count": null, "price": 2.29, "currency": "EUR", "promo_type": "Aktion", "compare_price": null, "uvp": null, "discount_pct": null, "valid_from": "2025-11-10", "valid_to": "2025-11-15", "special_validity": null, "notes": null}
{"supermarket":"Rewe", "brand": null, "product_name": "Orangen", "variant": "Spanien, Sorte: siehe Etikett, Kl. I", "pack_size": "2", "unit": "kg-Netz", "pack_count": null, "price": 2.79, "currency": "EUR", "promo_type": "Aktion", "compare_price": "1 kg = 1.40", "uvp": null, "discount_pct": null, "valid_from": "2025-11-10", "valid_to": "2025-11-15", "special_validity": null, "notes": "0,20 € Bonus"}
{"supermarket":"Rewe", "brand": "REWE Beste Wahl", "product_name": "Grapefruit", "variant": "Spanien, Sorte: siehe Etikett, Kl. I", "pack_size": "1", "unit": "St.", "pack_count": null, "price": 0.59, "currency": "EUR", "promo_type": "Aktion", "compare_price": null, "uvp": null, "discount_pct": null, "valid_from": "2025-11-10", "valid_to": "2025-11-15", "special_validity": null, "notes": null}
{"supermarket":"Rewe", "brand": "REWE Bio", "product_name": "Zitronen", "variant": "Italien/Spanien, Sorte: siehe Etikett, Kl. I", "pack_size": "500", "unit": "g-Netz", "pack_count": null, "price": 1.49, "currency": "EUR", "promo_type": "Aktion", "compare_price": "1 kg = 2.98", "uvp": null, "discount_pct": null, "valid_from": "2025-11-10", "valid_to": "2025-11-15", "special_validity": null, "notes": null}
{"supermarket":"Rewe", "brand": "Zespri", "product_name": "SunGold Kiwi", "variant": "Italien, Kl. I", "pack_size": "1", "unit": "St.", "pack_count": null, "price": 0.55, "currency": "EUR", "promo_type": "Aktion", "compare_price": null, "uvp": null, "discount_pct": null, "valid_from": "2025-11-10", "valid_to": "2025-11-15", "special_validity": null, "notes": null}
{"supermarket":"Rewe", "brand": "REWE Bio", "product_name": "Ingwer", "variant": "China/Thailand/Brasilien", "pack_size": "100", "unit": "g", "pack_count": null, "price": 0.59, "currency": "EUR", "promo_type": "Aktion", "compare_price": null, "uvp": null, "discount_pct": null, "valid_from": "2025-11-10", "valid_to": "2025-11-15", "special_validity": null, "notes": null}
{"supermarket":"Rewe", "brand": "REWE Beste Wahl", "product_name": "Honigmelone", "variant": "Brasilien, Kl. I", "pack_size": "1", "unit": "kg", "pack_count": null, "price": 1.29, "currency": "EUR", "promo_type": "Aktion", "compare_price": null, "uvp": null, "discount_pct": null, "valid_from": "2025-11-10", "valid_to": "2025-11-15", "special_validity": null, "notes": null}
{"supermarket":"Rewe", "brand": "REWE Bio", "product_name": "Sprossen", "variant": null, "pack_size": "100", "unit": "g-Pckg.", "pack_count": null, "price": 1.19, "currency": "EUR", "promo_type": "Aktion", "compare_price": "1 kg = 11.90", "uvp": null, "discount_pct": null, "valid_from": "2025-11-10", "valid_to": "2025-11-15", "special_validity": null, "notes": null}
{"supermarket":"Rewe", "brand": null, "product_name": "Rotkohl", "variant": "geschnitten", "pack_size": "300", "unit": "g-Btl.", "pack_count": null, "price": 0.99, "currency": "EUR", "promo_type": "Aktion", "compare_price": "1 kg = 3.30", "uvp": null, "discount_pct": null, "valid_from": "2025-11-10", "valid_to": "2025-11-15", "special_validity": null, "notes": null}
{"supermarket":"Rewe", "brand": null, "product_name": "Kaki", "variant": "»Rojo Brillante«, Spanien/Italien, Kl. I", "pack_size": "1", "unit": "St.", "pack_count": null, "price": 0.55, "currency": "EUR", "promo_type": "Aktion", "compare_price": null, "uvp": null, "discount_pct": null, "valid_from": "2025-11-10", "valid_to": "2025-11-15", "special_validity": null, "notes": null}
{"supermarket":"Rewe", "brand": "Florette", "product_name": "Rucola oder Salat Fit & Vital", "variant": null, "pack_size": "80-g-Pckg. oder 100-g-Btl.", "unit": null, "pack_count": null, "price": 1.59, "currency": "EUR", "promo_type": "Aktion", "compare_price": "1 kg = 19.88 oder 1 kg = 15.90", "uvp": null, "discount_pct": null, "valid_from": "2025-11-10", "valid_to": "2025-11-15", "special_validity": null, "notes": null}
{"supermarket":"Rewe", "brand": "REWE Beste Wahl", "product_name": "Himbeeren", "variant": "Spanien/Marokko/Portugal, Kl. I", "pack_size": "125", "unit": "g-Schale", "pack_count": null, "price": 1.99, "currency": "EUR", "promo_type": "Aktion", "compare_price": "1 kg = 15.92", "uvp": null, "discount_pct": null, "valid_from": "2025-11-10", "valid_to": "2025-11-15", "special_validity": null, "notes": null}
{"supermarket":"Rewe", "brand": "REWE Feine Welt", "product_name": "Römersalat »Extra fein«", "variant": "Spanien, Kl. I", "pack_size": "4", "unit": "St.-Pckg.", "pack_count": null, "price": 1.99, "currency": "EUR", "promo_type": "Knaller Aktion", "compare_price": null, "uvp": null, "discount_pct": null, "valid_from": "2025-11-10", "valid_to": "2025-11-15", "special_validity": null, "notes": null}
{"supermarket":"Rewe", "brand": "REWE Bio", "product_name": "Baby Spinat", "variant": "Italien, Kl. II", "pack_size": "100", "unit": "g-Pckg.", "pack_count": null, "price": 1.39, "currency": "EUR", "promo_type": "Aktion", "compare_price": "1 kg = 13.90", "uvp": null, "discount_pct": null, "valid_from": "2025-11-10", "valid_to": "2025-11-15", "special_validity": null, "notes": "0,20 € Bonus"}
{"supermarket":"Rewe", "brand": null, "product_name": "Speisekartoffeln", "variant": "Deutschland, Sorte und Kocheigenschaft: siehe Etikett, Qualität I", "pack_size": "5", "unit": "kg-Sack", "pack_count": null, "price": 1.99, "currency": "EUR", "promo_type": "Aktion", "compare_price": "1 kg = 0.40", "uvp": null, "discount_pct": null, "valid_from": "2025-11-10", "valid_to": "2025-11-15", "special_validity": null, "notes": null}
{"supermarket":"Rewe", "brand": "REWE Beste Wahl", "product_name": "Buschbohnen", "variant": "Marokko, Kl. I", "pack_size": "400", "unit": "g-Pckg.", "pack_count": null, "price": 1.99, "currency": "EUR", "promo_type": "Aktion", "compare_price": "1 kg = 4.98", "uvp": null, "discount_pct": null, "valid_from": "2025-11-10", "valid_to": "2025-11-15", "special_validity": null, "notes": null}
{"supermarket":"Rewe", "brand": "REWE Beste Wahl", "product_name": "Snack Möhren", "variant": "Deutschland, Kl. I", "pack_size": "250", "unit": "g-Btl.", "pack_count": null, "price": 0.99, "currency": "EUR", "promo_type": "Aktion", "compare_price": "1 kg = 3.96", "uvp": null, "discount_pct": null, "valid_from": "2025-11-10", "valid_to": "2025-11-15", "special_validity": null, "notes": null}
{"supermarket":"Rewe", "brand": "REWE Bio", "product_name": "Bio Basilikum", "variant": "Deutschland, XL Topf", "pack_size": "1", "unit": "Topf", "pack_count": null, "price": 1.79, "currency": "EUR", "promo_type": "Aktion", "compare_price": null, "uvp": null, "discount_pct": null, "valid_from": "2025-11-10", "valid_to": "2025-11-15", "special_validity": null, "notes": null}
{"supermarket":"Rewe", "brand": null, "product_name": "Grüner Spargel", "variant": "Peru/Mexiko, Kl. I", "pack_size": "250", "unit": "g-Pckg.", "pack_count": null, "price": 2.99, "currency": "EUR", "promo_type": "Aktion", "compare_price": "1 kg = 11.96", "uvp": null, "discount_pct": null, "valid_from": "2025-11-10", "valid_to": "2025-11-15", "special_validity": null, "notes": null}
{"supermarket":"Rewe", "brand": "REWE Beste Wahl", "product_name": "Weihnachtsstern", "variant": "Weihnachtsklassiker in versch. Farben", "pack_size": "1", "unit": "Topf", "pack_count": null, "price": 1.77, "currency": "EUR", "promo_type": "Aktion", "compare_price": null, "uvp": null, "discount_pct": null, "valid_from": "2025-11-10", "valid_to": "2025-11-15", "special_validity": null, "notes": "1 Artikel sind nicht ständig im Sortiment. In fast allen Märkten erhältlich. Abbildung beispielhaft."}
{"supermarket":"Rewe", "brand": null, "product_name": "Winter-arrangement", "variant": "dekorative Schale mit tollen Pflanzen und winterlicher Deko", "pack_size": "1", "unit": "Topf", "pack_count": null, "price": 14.99, "currency": "EUR", "promo_type": "Aktion", "compare_price": null, "uvp": null, "discount_pct": null, "valid_from": "2025-11-10", "valid_to": "2025-11-15", "special_validity": null, "notes": "1 Artikel sind nicht ständig im Sortiment. In fast allen Märkten erhältlich. Abbildung beispielhaft."}
{"supermarket":"Rewe", "brand": "REWE Bio", "product_name": "Bio Staudensellerie", "variant": "Spanien, Kl. II", "pack_size": "1", "unit": "St.", "pack_count": null, "price": 1.49, "currency": "EUR", "promo_type": "Aktion", "compare_price": null, "uvp": null, "discount_pct": null, "valid_from": "2025-11-10", "valid_to": "2025-11-15", "special_validity": null, "notes": null}
{"supermarket":"Rewe", "brand": null, "product_name": "Topfrose", "variant": "versch. Farben", "pack_size": "1", "unit": "Topf", "pack_count": null, "price": 1.59, "currency": "EUR", "promo_type": "Aktion", "compare_price": null, "uvp": null, "discount_pct": null, "valid_from": "2025-11-10", "valid_to": "2025-11-15", "special_validity": null, "notes": "1 Artikel sind nicht ständig im Sortiment. In fast allen Märkten erhältlich. Abbildung beispielhaft."}
{"supermarket":"Rewe", "brand": null, "product_name": "Blumenstrauß »Beautiful Time«", "variant": "versch. Farben, mit Floralife Schnittblumennahrung", "pack_size": "1", "unit": "Bund", "pack_count": null, "price": 5.99, "currency": "EUR", "promo_type": "Aktion", "compare_price": null, "uvp": null, "discount_pct": null, "valid_from": "2025-11-10", "valid_to": "2025-11-15", "special_validity": null, "notes": "1 Artikel sind nicht ständig im Sortiment. In fast allen Märkten erhältlich. Abbildung beispielhaft."}
{"supermarket":"Rewe", "brand": null, "product_name": "Kasseler Lachs", "variant": "am Stück", "pack_size": "800", "unit": "g-Pckg.", "pack_count": null, "price": 7.99, "currency": "EUR", "promo_type": "Knaller Aktion", "compare_price": "1 kg = 9.99", "uvp": null, "discount_pct": null, "valid_from": "2025-11-10", "valid_to": "2025-11-15", "special_validity": null, "notes": null}
{"supermarket":"Rewe", "brand": null, "product_name": "Rinder-Steakhüfte", "variant": "vom Jungbullen, am Stück oder in Scheiben", "pack_size": "100", "unit": "g", "pack_count": null, "price": 2.49, "currency": "EUR", "promo_type": "Aktion", "compare_price": null, "uvp": null, "discount_pct": null, "valid_from": "2025-11-10", "valid_to": "2025-11-15", "special_validity": null, "notes": "Nur an der Bedientheke!"}
{"supermarket":"Rewe", "brand": null, "product_name": "Kalbs-Filet", "variant": null, "pack_size": "100", "unit": "g", "pack_count": null, "price": 3.49, "currency": "EUR", "promo_type": "Aktion", "compare_price": null, "uvp": null, "discount_pct": null, "valid_from": "2025-11-10", "valid_to": "2025-11-15", "special_validity": null, "notes": "Nur an der Bedientheke!"}
{"supermarket":"Rewe", "brand": null, "product_name": "Schweine-Bauch", "variant": "mit Knochen, am Stück oder in Scheiben", "pack_size": "100", "unit": "g", "pack_count": null, "price": 0.66, "currency": "EUR", "promo_type": "Aktion", "compare_price": null, "uvp": null, "discount_pct": null, "valid_from": "2025-11-10", "valid_to": "2025-11-15", "special_validity": null, "notes": "Nur an der Bedientheke! *Am Produkt findest du das Regionalfenster mit genauen Informationen zur Herkunft."}
{"supermarket":"Rewe", "brand": null, "product_name": "Frisches Puten-Hackfleisch", "variant": null, "pack_size": "800", "unit": "g-Pckg.", "pack_count": null, "price": 9.99, "currency": "EUR", "promo_type": "Aktion", "compare_price": "1 kg = 12.49", "uvp": null, "discount_pct": null, "valid_from": "2025-11-10", "valid_to": "2025-11-15", "special_validity": null, "notes": null}
{"supermarket":"Rewe", "brand": null, "product_name": "Frische Puten-Oberkeule", "variant": "SB-verpackt", "pack_size": "1", "unit": "kg", "pack_count": null, "price": 11.99, "currency": "EUR", "promo_type": "Aktion", "compare_price": null, "uvp": null, "discount_pct": null, "valid_from": "2025-11-10", "valid_to": "2025-11-15", "special_validity": null, "notes": null}
{"supermarket":"Rewe", "brand": null, "product_name": "Frz. Entenbrust-Filet", "variant": "SB-verpackt", "pack_size": "1", "unit": "kg", "pack_count": null, "price": 19.9, "currency": "EUR", "promo_type": "Aktion", "compare_price": null, "uvp": null, "discount_pct": null, "valid_from": "2025-11-10", "valid_to": "2025-11-15", "special_validity": null, "notes": null}
{"supermarket":"Rewe", "brand": null, "product_name": "Rinder-Hackfleisch", "variant": "Family Pack", "pack_size": "1000", "unit": "g-Pckg.", "pack_count": null, "price": 12.99, "currency": "EUR", "promo_type": "Aktion", "compare_price": null, "uvp": null, "discount_pct": null, "valid_from": "2025-11-10", "valid_to": "2025-11-15", "special_validity": null, "notes": null}
{"supermarket":"Rewe", "brand": "Hohenlohe Beck", "product_name": "Spanferkel-Keule", "variant": "gewürzt und gebraten, mit Soße, SB-verpackt", "pack_size": "1", "unit": "kg", "pack_count": null, "price": 11.9, "currency": "EUR", "promo_type": "Aktion", "compare_price": null, "uvp": null, "discount_pct": null, "valid_from": "2025-11-10", "valid_to": "2025-11-15", "special_validity": null, "notes": null}
{"supermarket":"Rewe", "brand": "REWE Feine Welt", "product_name": "Frisches Maishähnchen", "variant": "Hkl. A, SB-verpackt", "pack_size": "1", "unit": "kg", "pack_count": null, "price": 6.99, "currency": "EUR", "promo_type": "Aktion", "compare_price": null, "uvp": null, "discount_pct": null, "valid_from": "2025-11-10", "valid_to": "2025-11-15", "special_validity": null, "notes": null}
```

-----

# 
```jsonl
{"supermarket": "Penny", "brand": "MILKANA", "product_name": "Tolle Rolle", "variant": null, "pack_size": "100 g", "unit": "g", "pack_count": null, "price": 1.99, "currency": "EUR", "promo_type": "discount", "compare_price": "1 kg = 19.90", "uvp": 2.89, "discount_pct": 31, "valid_from": "2025-11-10", "valid_to": "2025-11-15", "special_validity": null, "notes": "*"}
{"supermarket": "Penny", "brand": "MILKANA", "product_name": "Schmelzkäse", "variant": "Versch. Sorten", "pack_size": "190 g", "unit": "g", "pack_count": null, "price": 1.99, "currency": "EUR", "promo_type": "discount", "compare_price": "1 kg = 10.47", "uvp": 2.89, "discount_pct": 31, "valid_from": "2025-11-10", "valid_to": "2025-11-15", "special_validity": null, "notes": null}
{"supermarket": "Penny", "brand": "ZENTIS", "product_name": "Erdnussbutter", "variant": "Versch. Sorten", "pack_size": "350 g", "unit": "g", "pack_count": null, "price": 1.99, "currency": "EUR", "promo_type": "discount", "compare_price": "1 kg = 5.69", "uvp": 2.99, "discount_pct": 33, "valid_from": "2025-11-10", "valid_to": "2025-11-15", "special_validity": null, "notes": "**"}
{"supermarket": "Penny", "brand": "ZENTIS", "product_name": "Nusspli White", "variant": "Haselnuss", "pack_size": "300 g", "unit": "g", "pack_count": null, "price": 1.99, "currency": "EUR", "promo_type": "discount", "compare_price": "1 kg = 6.63", "uvp": 2.99, "discount_pct": 33, "valid_from": "2025-11-10", "valid_to": "2025-11-15", "special_validity": null, "notes": "*"}
{"supermarket": "Penny", "brand": "BÄRENMARKE", "product_name": "Frischer Kakao", "variant": "1,8% Fett im Milchanteil", "pack_size": "1 l", "unit": "l", "pack_count": null, "price": 1.59, "currency": "EUR", "promo_type": "discount", "compare_price": null, "uvp": 2.19, "discount_pct": 27, "valid_from": "2025-11-10", "valid_to": "2025-11-15", "special_validity": null, "notes": "*"}
{"supermarket": "Penny", "brand": "Dr. Oetker", "product_name": "The Taste of Christmas Backmischung", "variant": "Vanillekipferl", "pack_size": "360 g", "unit": "g", "pack_count": null, "price": 2.99, "currency": "EUR", "promo_type": "aktion", "compare_price": "1 kg = 8.31", "uvp": null, "discount_pct": null, "valid_from": "2025-11-10", "valid_to": "2025-11-15", "special_validity": null, "notes": "*"}
{"supermarket": "Penny", "brand": "Dr. Oetker", "product_name": "The Taste of Christmas Backmischung", "variant": "Kokosmakronen", "pack_size": "375 g", "unit": "g", "pack_count": null, "price": 2.99, "currency": "EUR", "promo_type": "aktion", "compare_price": "1 kg = 7.97", "uvp": null, "discount_pct": null, "valid_from": "2025-11-10", "valid_to": "2025-11-15", "special_validity": null, "notes": "*"}
{"supermarket": "Penny", "brand": "Coppenrath & Wiese", "product_name": "Lust auf Kuchen", "variant": "Salted-Caramel Cheesecake", "pack_size": "490 g", "unit": "g", "pack_count": null, "price": 3.79, "currency": "EUR", "promo_type": "discount", "compare_price": "1 kg = 7.73", "uvp": 4.99, "discount_pct": 24, "valid_from": "2025-11-10", "valid_to": "2025-11-15", "special_validity": null, "notes": "**"}
{"supermarket": "Penny", "brand": "Coppenrath & Wiese", "product_name": "Lust auf Kuchen", "variant": "Erdbeer Cheesecake", "pack_size": "550 g", "unit": "g", "pack_count": null, "price": 3.79, "currency": "EUR", "promo_type": "discount", "compare_price": "1 kg = 6.89", "uvp": 4.99, "discount_pct": 24, "valid_from": "2025-11-10", "valid_to": "2025-11-15", "special_validity": null, "notes": "**"}
{"supermarket": "Penny", "brand": "Tony's Chocolonely", "product_name": "Schokolade", "variant": "Versch. Sorten", "pack_size": "180 g", "unit": "g", "pack_count": null, "price": 2.49, "currency": "EUR", "promo_type": "discount", "compare_price": "1 kg = 13.83", "uvp": 3.99, "discount_pct": 37, "valid_from": "2025-11-10", "valid_to": "2025-11-15", "special_validity": null, "notes": "**"}
{"supermarket": "Penny", "brand": "funny-frisch", "product_name": "Chipsfrisch", "variant": "Versch. Sorten", "pack_size": "150 g", "unit": "g", "pack_count": null, "price": 1.19, "currency": "EUR", "promo_type": "discount", "compare_price": "1 kg = 7.93", "uvp": 1.99, "discount_pct": 40, "valid_from": "2025-11-10", "valid_to": "2025-11-15", "special_validity": null, "notes": null}
{"supermarket": "Penny", "brand": "funny-frisch", "product_name": "Intense", "variant": "Versch. Sorten", "pack_size": "110 g", "unit": "g", "pack_count": null, "price": 1.19, "currency": "EUR", "promo_type": "discount", "compare_price": "1 kg = 10.82", "uvp": 1.99, "discount_pct": 40, "valid_from": "2025-11-10", "valid_to": "2025-11-15", "special_validity": null, "notes": null}
{"supermarket": "Penny", "brand": "THOMY", "product_name": "Les Sauces", "variant": "Versch. Sorten", "pack_size": "250 ml", "unit": "ml", "pack_count": null, "price": 0.99, "currency": "EUR", "promo_type": "discount", "compare_price": "1 l = 3.96", "uvp": 1.69, "discount_pct": 41, "valid_from": "2025-11-10", "valid_to": "2025-11-15", "special_validity": null, "notes": null}
{"supermarket": "Penny", "brand": "Lenor", "product_name": "Waschmittel", "variant": "Aprilfrisch", "pack_size": "4.95 kg", "unit": "kg", "pack_count": null, "price": 17.99, "currency": "EUR", "promo_type": "discount", "compare_price": "1 WL = 0.20, 1 kg = 3.63", "uvp": 20.99, "discount_pct": 14, "valid_from": "2025-11-10", "valid_to": "2025-11-15", "special_validity": null, "notes": "*"}
{"supermarket": "Penny", "brand": "Lenor", "product_name": "Waschmittel", "variant": "All in 1 Color Pods Blütentraum", "pack_size": "1.49 kg", "unit": "kg", "pack_count": null, "price": 17.99, "currency": "EUR", "promo_type": "discount", "compare_price": "1 WL = 0.24, 1 kg = 12.07", "uvp": 20.99, "discount_pct": 14, "valid_from": "2025-11-10", "valid_to": "2025-11-15", "special_validity": null, "notes": "*"}
{"supermarket": "Penny", "brand": "SENSODYNE", "product_name": "Zahncreme", "variant": "Versch. Sorten", "pack_size": "3 x 75 ml", "unit": "ml", "pack_count": 3, "price": 4.99, "currency": "EUR", "promo_type": "multi-buy_offer", "compare_price": "1 l = 22.18", "uvp": null, "discount_pct": null, "valid_from": "2025-11-10", "valid_to": "2025-11-15", "special_validity": null, "notes": "**"}
{"supermarket": "Penny", "brand": "NESCAFÉ", "product_name": "Classic", "variant": "Löslicher Bohnenkaffee", "pack_size": "200 g", "unit": "g", "pack_count": null, "price": 5.99, "currency": "EUR", "promo_type": "app_discount", "compare_price": "1 kg = 29.95", "uvp": 8.99, "discount_pct": 33, "valid_from": "2025-11-10", "valid_to": "2025-11-15", "special_validity": null, "notes": "**"}
{"supermarket": "Penny", "brand": "Dallmayr", "product_name": "Crema d'Oro", "variant": "Versch. Sorten, ganze Bohnen", "pack_size": "1.000 g", "unit": "g", "pack_count": null, "price": 13.99, "currency": "EUR", "promo_type": "discount", "compare_price": null, "uvp": 21.99, "discount_pct": 36, "valid_from": "2025-11-10", "valid_to": "2025-11-15", "special_validity": null, "notes": "*"}
{"supermarket": "Penny", "brand": "NESCAFÉ", "product_name": "Instant", "variant": "Versch. Sorten", "pack_size": "95 g", "unit": "g", "pack_count": null, "price": 4.44, "currency": "EUR", "promo_type": "discount", "compare_price": "1 kg = 46.74", "uvp": 5.99, "discount_pct": 25, "valid_from": "2025-11-10", "valid_to": "2025-11-15", "special_validity": null, "notes": "**"}
{"supermarket": "Penny", "brand": "JACOBS", "product_name": "Kaffee", "variant": "Versch. Sorten, gemahlen", "pack_size": "500 g", "unit": "g", "pack_count": null, "price": 6.49, "currency": "EUR", "promo_type": "discount", "compare_price": "1 kg = 12.98", "uvp": 8.99, "discount_pct": 27, "valid_from": "2025-11-10", "valid_to": "2025-11-15", "special_validity": null, "notes": "*"}
{"supermarket": "Penny", "brand": "Meßmer", "product_name": "Wintertee", "variant": "Himmelszauber", "pack_size": "55 g", "unit": "g", "pack_count": null, "price": 1.79, "currency": "EUR", "promo_type": "aktion", "compare_price": "1 kg = 32.55", "uvp": null, "discount_pct": null, "valid_from": "2025-11-10", "valid_to": "2025-11-15", "special_validity": null, "notes": "*"}
{"supermarket": "Penny", "brand": "Meßmer", "product_name": "Wintertee", "variant": "Heiße Himbeere", "pack_size": "45 g", "unit": "g", "pack_count": null, "price": 1.79, "currency": "EUR", "promo_type": "aktion", "compare_price": "1 kg = 39.78", "uvp": null, "discount_pct": null, "valid_from": "2025-11-10", "valid_to": "2025-11-15", "special_validity": null, "notes": "*"}
{"supermarket": "Penny", "brand": "Bienenwirtschaft Meissen", "product_name": "Imkerhonig", "variant": "Versch. Sorten", "pack_size": "1.000 g", "unit": "g", "pack_count": null, "price": 7.99, "currency": "EUR", "promo_type": "aktion", "compare_price": null, "uvp": null, "discount_pct": null, "valid_from": "2025-11-10", "valid_to": "2025-11-15", "special_validity": null, "notes": "**"}
{"supermarket": "Penny", "brand": "SCHWARTAU", "product_name": "Samt Fruchtaufstrich", "variant": "Versch. Sorten", "pack_size": "270 g", "unit": "g", "pack_count": null, "price": 1.99, "currency": "EUR", "promo_type": "discount", "compare_price": "1 kg = 7.37", "uvp": 2.69, "discount_pct": 26, "valid_from": "2025-11-10", "valid_to": "2025-11-15", "special_validity": null, "notes": "**"}
{"supermarket": "Penny", "brand": "SCHWARTAU", "product_name": "Extra Konfitüre", "variant": "Versch. Sorten", "pack_size": "340 g", "unit": "g", "pack_count": null, "price": 1.99, "currency": "EUR", "promo_type": "discount", "compare_price": "1 kg = 5.85", "uvp": 2.69, "discount_pct": 26, "valid_from": "2025-11-10", "valid_to": "2025-11-15", "special_validity": null, "notes": "*"}
{"supermarket": "Penny", "brand": "Brandt", "product_name": "Marken-Zwieback", "variant": "Der Klassiker in der Vorratspackung", "pack_size": "450 g", "unit": "g", "pack_count": null, "price": 2.29, "currency": "EUR", "promo_type": "app_discount", "compare_price": "1 kg = 5.09", "uvp": 2.79, "discount_pct": 17, "valid_from": "2025-11-10", "valid_to": "2025-11-15", "special_validity": null, "notes": null}
{"supermarket": "Penny", "brand": "Mazzetti", "product_name": "Aceto Balsamico di Modena I.G.P.", "variant": null, "pack_size": "500 ml", "unit": "ml", "pack_count": null, "price": 2.99, "currency": "EUR", "promo_type": "app_discount", "compare_price": "1 l = 5.98", "uvp": 3.99, "discount_pct": 25, "valid_from": "2025-11-10", "valid_to": "2025-11-15", "special_validity": null, "notes": "*"}
{"supermarket": "Penny", "brand": "Mazzetti", "product_name": "Rosato Condimento", "variant": null, "pack_size": "500 ml", "unit": "ml", "pack_count": null, "price": 2.99, "currency": "EUR", "promo_type": "app_discount", "compare_price": "1 l = 5.98", "uvp": 3.99, "discount_pct": 25, "valid_from": "2025-11-10", "valid_to": "2025-11-15", "special_validity": null, "notes": "*"}
{"supermarket": "Penny", "brand": "SURIG", "product_name": "Essigessenz", "variant": null, "pack_size": "450 g", "unit": "g", "pack_count": null, "price": 1.11, "currency": "EUR", "promo_type": "aktion", "compare_price": "1 kg = 2.47", "uvp": null, "discount_pct": null, "valid_from": "2025-11-10", "valid_to": "2025-11-15", "special_validity": null, "notes": "**, + 50 g gratis"}
{"supermarket": "Penny", "brand": "3 GLOCKEN", "product_name": "Genuss pur Teigware", "variant": "Versch. Sorten", "pack_size": "1.000 g", "unit": "g", "pack_count": null, "price": 1.99, "currency": "EUR", "promo_type": "discount", "compare_price": null, "uvp": 3.98, "discount_pct": 50, "valid_from": "2025-11-10", "valid_to": "2025-11-15", "special_validity": null, "notes": "**"}
{"supermarket": "Penny", "brand": "ORO DI PARMA", "product_name": "Tomaten", "variant": "Stückig", "pack_size": "400 g", "unit": "g", "pack_count": null, "price": 1.29, "currency": "EUR", "promo_type": "discount", "compare_price": "1 kg = 3.23", "uvp": 1.99, "discount_pct": 35, "valid_from": "2025-11-10", "valid_to": "2025-11-15", "special_validity": null, "notes": null}
{"supermarket": "Penny", "brand": "ORO DI PARMA", "product_name": "Tomaten", "variant": "Kirschtomaten", "pack_size": "400 g", "unit": "g", "pack_count": null, "price": 1.29, "currency": "EUR", "promo_type": "discount", "compare_price": "1 kg = 5.38", "uvp": 1.99, "discount_pct": 35, "valid_from": "2025-11-10", "valid_to": "2025-11-15", "special_validity": null, "notes": "**"}
{"supermarket": "Penny", "brand": "Knorr", "product_name": "Gesamtes Knorr-Sortiment", "variant": null, "pack_size": null, "unit": null, "pack_count": null, "price": null, "currency": "EUR", "promo_type": "discount", "compare_price": null, "uvp": null, "discount_pct": 25, "valid_from": "2025-11-10", "valid_to": "2025-11-15", "special_validity": null, "notes": null}
{"supermarket": "Penny", "brand": "Mondamin", "product_name": "Soßenbinder", "variant": "Versch. Sorten", "pack_size": "275 g", "unit": "g", "pack_count": null, "price": 1.29, "currency": "EUR", "promo_type": "app_discount", "compare_price": "1 kg = 4.69", "uvp": 1.79, "discount_pct": 27, "valid_from": "2025-11-10", "valid_to": "2025-11-15", "special_validity": null, "notes": "*, +10% GRATIS"}
{"supermarket": "Penny", "brand": "MAGGI", "product_name": "5 Minuten Terrine", "variant": "Kartoffelbrei mit Fleischklößchen", "pack_size": "46 g", "unit": "g", "pack_count": null, "price": 0.89, "currency": "EUR", "promo_type": "app_discount", "compare_price": "1 kg = 19.35", "uvp": 1.49, "discount_pct": 40, "valid_from": "2025-11-10", "valid_to": "2025-11-15", "special_validity": null, "notes": "*"}
{"supermarket": "Penny", "brand": "MAGGI", "product_name": "5 Minuten Terrine", "variant": "Nudeln in Tomaten-Mozzarella-Sauce", "pack_size": "55 g", "unit": "g", "pack_count": null, "price": 0.89, "currency": "EUR", "promo_type": "app_discount", "compare_price": "1 kg = 16.18", "uvp": 1.49, "discount_pct": 40, "valid_from": "2025-11-10", "valid_to": "2025-11-15", "special_validity": null, "notes": "*"}
{"supermarket": "Penny", "brand": "HARIBO", "product_name": "Fruchtgummi", "variant": "Versch. Sorten", "pack_size": "650 g", "unit": "g", "pack_count": null, "price": 3.49, "currency": "EUR", "promo_type": "discount", "compare_price": "1 kg = 5.37", "uvp": 4.99, "discount_pct": 30, "valid_from": "2025-11-10", "valid_to": "2025-11-15", "special_validity": null, "notes": "**"}
{"supermarket": "Penny", "brand": "Milka", "product_name": "Peanut & Caramel Riegel", "variant": null, "pack_size": "5 x 37 g", "unit": "g", "pack_count": 5, "price": 1.99, "currency": "EUR", "promo_type": "discount", "compare_price": "1 kg = 10.76", "uvp": 3.19, "discount_pct": 37, "valid_from": "2025-11-10", "valid_to": "2025-11-15", "special_validity": null, "notes": "*"}
{"supermarket": "Penny", "brand": "Milka", "product_name": "Nussini Riegel", "variant": null, "pack_size": "5 x 31.5 g", "unit": "g", "pack_count": 5, "price": 1.99, "currency": "EUR", "promo_type": "discount", "compare_price": "1 kg = 12.63", "uvp": 3.19, "discount_pct": 37, "valid_from": "2025-11-10", "valid_to": "2025-11-15", "special_validity": null, "notes": "*"}
{"supermarket": "Penny", "brand": "FERRERO", "product_name": "Rocher", "variant": null, "pack_size": "375 g", "unit": "g", "pack_count": null, "price": 5.55, "currency": "EUR", "promo_type": "discount", "compare_price": "1 kg = 14.80", "uvp": 7.59, "discount_pct": 26, "valid_from": "2025-11-10", "valid_to": "2025-11-15", "special_validity": null, "notes": "*"}
{"supermarket": "Penny", "brand": "FERRERO", "product_name": "Kinder Bueno White", "variant": null, "pack_size": "6 x 19.5 g", "unit": "g", "pack_count": 6, "price": 1.99, "currency": "EUR", "promo_type": "app_discount", "compare_price": "1 kg = 17.01", "uvp": 2.99, "discount_pct": 33, "valid_from": "2025-11-10", "valid_to": "2025-11-15", "special_validity": null, "notes": null}
{"supermarket": "Penny", "brand": "FERRERO", "product_name": "Kinder Bueno", "variant": null, "pack_size": "6 x 21.5 g", "unit": "g", "pack_count": 6, "price": 1.99, "currency": "EUR", "promo_type": "app_discount", "compare_price": "1 kg = 15.43", "uvp": 2.99, "discount_pct": 33, "valid_from": "2025-11-10", "valid_to": "2025-11-15", "special_validity": null, "notes": null}
{"supermarket": "Penny", "brand": "FERRERO", "product_name": "Yogurette", "variant": null, "pack_size": "4 x 100 g", "unit": "g", "pack_count": 4, "price": 4.75, "currency": "EUR", "promo_type": "aktion", "compare_price": "1 kg = 11.88", "uvp": null, "discount_pct": null, "valid_from": "2025-11-10", "valid_to": "2025-11-15", "special_validity": null, "notes": "*"}
{"supermarket": "Penny", "brand": "FERRERO", "product_name": "Kinder Schokolade", "variant": null, "pack_size": "4 x 100 g", "unit": "g", "pack_count": 4, "price": 4.75, "currency": "EUR", "promo_type": "aktion", "compare_price": "1 kg = 11.88", "uvp": null, "discount_pct": null, "valid_from": "2025-11-10", "valid_to": "2025-11-15", "special_validity": null, "notes": "*"}
{"supermarket": "Penny", "brand": "FERRERO", "product_name": "Kinder Schoko-Bons", "variant": "White", "pack_size": "200 g", "unit": "g", "pack_count": null, "price": 3.99, "currency": "EUR", "promo_type": "aktion", "compare_price": "1 kg = 19.95", "uvp": null, "discount_pct": null, "valid_from": "2025-11-10", "valid_to": "2025-11-15", "special_validity": null, "notes": "*"}
{"supermarket": "Penny", "brand": "Dresdner", "product_name": "Stollen", "variant": "Original", "pack_size": "1.000 g", "unit": "g", "pack_count": null, "price": 7.99, "currency": "EUR", "promo_type": "app_discount", "compare_price": null, "uvp": 9.99, "discount_pct": 20, "valid_from": "2025-11-10", "valid_to": "2025-11-15", "special_validity": null, "notes": "*"}
{"supermarket": "Penny", "brand": "Milka", "product_name": "Tafeln", "variant": null, "pack_size": "190 g", "unit": "g", "pack_count": null, "price": null, "currency": "EUR", "promo_type": "app_coupon_discount", "compare_price": null, "uvp": null, "discount_pct": null, "valid_from": "2025-11-10", "valid_to": "2025-11-15", "special_validity": "2€ Rabatt", "notes": "Dieser Coupon ist innerhalb des Aktionszeitraums vom 10.11.-15.11.2025 mehrfach einlösbar und gilt nur für Produkte der angebotenen Kategorie - ausgenommen Aktionsartikel und Pfand. Abgabe nur in haushaltsüblichen Mengen und nur, solange der Vorrat reicht. Eine Barauszahlung ist nicht möglich. Coupons, die sich auf den gesamten Einkauf oder die gleiche Produktkategorie bzw. die gleichen Artikel beziehen, sind nicht kombinierbar. Voraussetzung für die Aktivierung des Coupons in der PENNY App ist die Registrierung eines Kundenkontos. Siehe Nutzungsbedingungen auf penny.de/app"}
{"supermarket": "Penny", "brand": "Lay's", "product_name": "Stax", "variant": "Sour Cream & Onion", "pack_size": "170 g", "unit": "g", "pack_count": null, "price": 1.49, "currency": "EUR", "promo_type": "discount", "compare_price": "1 kg = 8.76", "uvp": 1.99, "discount_pct": 25, "valid_from": "2025-11-10", "valid_to": "2025-11-15", "special_validity": null, "notes": null}
{"supermarket": "Penny", "brand": "Red Bull", "product_name": "Energy-Drink", "variant": "Versch. Sorten, koffein- und taurinhaltig", "pack_size": "4 x 250 ml", "unit": "ml", "pack_count": 4, "price": 3.49, "currency": "EUR", "promo_type": "discount", "compare_price": "1 l = 3.49", "uvp": 5.56, "discount_pct": 37, "valid_from": "2025-11-10", "valid_to": "2025-11-15", "special_validity": null, "notes": "zzgl. 0.25 Pfand je Dose"}
{"supermarket": "Penny", "brand": "hohes C", "product_name": "Saft", "variant": "Versch. Sorten", "pack_size": "1 l", "unit": "l", "pack_count": null, "price": 1.59, "currency": "EUR", "promo_type": "app_discount", "compare_price": null, "uvp": 2.89, "discount_pct": 44, "valid_from": "2025-11-10", "valid_to": "2025-11-15", "special_validity": null, "notes": "*"}
{"supermarket": "Penny", "brand": "hohes C", "product_name": "PLUS Immun", "variant": "Traube Grapefruit Granatapfel", "pack_size": "1 l", "unit": "l", "pack_count": null, "price": 1.79, "currency": "EUR", "promo_type": "discount", "compare_price": null, "uvp": 2.89, "discount_pct": 38, "valid_from": "2025-11-10", "valid_to": "2025-11-15", "special_validity": null, "notes": "*"}
{"supermarket": "Penny", "brand": "Coca-Cola", "product_name": "Friendspack", "variant": "Koffeinhaltiges Erfrischungsgetränk, versch. Sorten", "pack_size": "10 x 0.33 l", "unit": "l", "pack_count": 10, "price": 5.99, "currency": "EUR", "promo_type": "discount", "compare_price": "1 l = 1.82", "uvp": 7.99, "discount_pct": 25, "valid_from": "2025-11-10", "valid_to": "2025-11-15", "special_validity": null, "notes": "**, zzgl. 2.50 Pfand"}
{"supermarket": "Penny", "brand": "Corona", "product_name": "Extra", "variant": "Bier", "pack_size": "0.33 l", "unit": "l", "pack_count": null, "price": 0.88, "currency": "EUR", "promo_type": "discount", "compare_price": "1 l = 2.67", "uvp": 1.14, "discount_pct": 22, "valid_from": "2025-11-10", "valid_to": "2025-11-15", "special_validity": null, "notes": "*, Zzgl. 0.25 Pfand"}
{"supermarket": "Penny", "brand": "AirWick", "product_name": "Raumdüfte", "variant": null, "pack_size": null, "unit": null, "pack_count": null, "price": null, "currency": "EUR", "promo_type": "discount", "compare_price": null, "uvp": null, "discount_pct": 10, "valid_from": "2025-11-10", "valid_to": "2025-11-15", "special_validity": null, "notes": "außer Kerzen"}
{"supermarket": "Penny", "brand": "BESPOKE", "product_name": "Men EdP Duft", "variant": "Versch. Sorten", "pack_size": "100 ml", "unit": "ml", "pack_count": null, "price": 7.99, "currency": "EUR", "promo_type": null, "compare_price": "1 l = 79.90", "uvp": null, "discount_pct": null, "valid_from": "2025-11-10", "valid_to": "2025-11-15", "special_validity": null, "notes": "*"}
{"supermarket": "Penny", "brand": "BESPOKE", "product_name": "Body Spray", "variant": "Versch. Sorten", "pack_size": "150 ml", "unit": "ml", "pack_count": null, "price": 2.99, "currency": "EUR", "promo_type": "aktion", "compare_price": "1 l = 19.93", "uvp": null, "discount_pct": null, "valid_from": "2025-11-10", "valid_to": "2025-11-15", "special_validity": null, "notes": "**"}
{"supermarket": "Penny", "brand": "Kneipp", "product_name": "Cremedusche", "variant": "Versch. Sorten", "pack_size": "200 ml", "unit": "ml", "pack_count": null, "price": 2.49, "currency": "EUR", "promo_type": null, "compare_price": "1 l = 12.45", "uvp": null, "discount_pct": null, "valid_from": "2025-11-10", "valid_to": "2025-11-15", "special_validity": null, "notes": "*"}
{"supermarket": "Penny", "brand": "Kneipp", "product_name": "Badekissen", "variant": null, "pack_size": "40 g", "unit": "g", "pack_count": null, "price": 0.99, "currency": "EUR", "promo_type": "aktion", "compare_price": "1 kg = 24.75", "uvp": null, "discount_pct": null, "valid_from": "2025-11-10", "valid_to": "2025-11-15", "special_validity": null, "notes": "*"}
{"supermarket": "Penny", "brand": "LISTERINE", "product_name": "Mundspülung Duo", "variant": "Versch. Sorten", "pack_size": "500 ml + 600 ml", "unit": "ml", "pack_count": 2, "price": 6.99, "currency": "EUR", "promo_type": "aktion", "compare_price": "1 l = 6.35", "uvp": null, "discount_pct": null, "valid_from": "2025-11-10", "valid_to": "2025-11-15", "special_validity": null, "notes": "**"}
{"supermarket": "Penny", "brand": "Coral", "product_name": "Color", "variant": "Waschmittel", "pack_size": "3 l", "unit": "l", "pack_count": null, "price": 9.99, "currency": "EUR", "promo_type": "aktion", "compare_price": "1 WL = 0.17, 1 l = 3.33", "uvp": null, "discount_pct": null, "valid_from": "2025-11-10", "valid_to": "2025-11-15", "special_validity": null, "notes": "*"}
{"supermarket": "Penny", "brand": "Vanish", "product_name": "Oxi Action", "variant": "Fleckenentferner, versch. Sorten", "pack_size": "1.125 g", "unit": "g", "pack_count": null, "price": 7.99, "currency": "EUR", "promo_type": "discount", "compare_price": "1 kg = 7.10", "uvp": 8.99, "discount_pct": 11, "valid_from": "2025-11-10", "valid_to": "2025-11-15", "special_validity": null, "notes": "*"}
{"supermarket": "Penny", "brand": "Lenor", "product_name": "Weichspüler", "variant": "Versch. Sorten", "pack_size": "756 ml", "unit": "ml", "pack_count": null, "price": 1.99, "currency": "EUR", "promo_type": "app_discount", "compare_price": "1 l = 2.63", "uvp": 2.49, "discount_pct": 20, "valid_from": "2025-11-10", "valid_to": "2025-11-15", "special_validity": null, "notes": null}
{"supermarket": "Penny", "brand": "SAGROTAN", "product_name": "Wäsche-Hygienespüler", "variant": null, "pack_size": "3 l", "unit": "l", "pack_count": null, "price": 5.99, "currency": "EUR", "promo_type": "discount", "compare_price": "1 l = 2.00", "uvp": 6.99, "discount_pct": 14, "valid_from": "2025-11-10", "valid_to": "2025-11-15", "special_validity": null, "notes": "**"}
{"supermarket": "Penny", "brand": "SAGROTAN", "product_name": "Allzweck- & Bodenreiniger", "variant": null, "pack_size": "1.5 l", "unit": "l", "pack_count": null, "price": 2.79, "currency": "EUR", "promo_type": "discount", "compare_price": "1 l = 1.86", "uvp": 3.29, "discount_pct": 15, "valid_from": "2025-11-10", "valid_to": "2025-11-15", "special_validity": null, "notes": "*"}
{"supermarket": "Penny", "brand": "SAGROTAN", "product_name": "WC-Reiniger", "variant": null, "pack_size": "750 ml", "unit": "ml", "pack_count": null, "price": 2.79, "currency": "EUR", "promo_type": "discount", "compare_price": "1 l = 3.72", "uvp": 3.29, "discount_pct": 15, "valid_from": "2025-11-10", "valid_to": "2025-11-15", "special_validity": null, "notes": "**"}
{"supermarket": "Penny", "brand": "TEMPO", "product_name": "Trio-Box", "variant": "4-lagig, versch. Designs", "pack_size": "3 x 100 Blatt", "unit": "Blatt", "pack_count": 300, "price": 4.49, "currency": "EUR", "promo_type": "aktion", "compare_price": null, "uvp": null, "discount_pct": null, "valid_from": "2025-11-10", "valid_to": "2025-11-15", "special_validity": null, "notes": "**"}
{"supermarket": "Penny", "brand": "Ben's Original", "product_name": "Expressreis", "variant": "Versch. Sorten", "pack_size": "220 g", "unit": "g", "pack_count": null, "price": 1.39, "currency": "EUR", "promo_type": "discount", "compare_price": "1 kg = 6.32", "uvp": 2.29, "discount_pct": 39, "valid_from": "2025-11-10", "valid_to": "2025-11-15", "special_validity": null, "notes": null}
{"supermarket": "Penny", "brand": "Mirácoli", "product_name": "Pasta Klassiker", "variant": "Maccaroni", "pack_size": "560.4 g", "unit": "g", "pack_count": null, "price": 2.99, "currency": "EUR", "promo_type": "aktion", "compare_price": "1 kg = 5.34", "uvp": null, "discount_pct": null, "valid_from": "2025-11-10", "valid_to": "2025-11-15", "special_validity": null, "notes": "*"}
{"supermarket": "Penny", "brand": "Mirácoli", "product_name": "Pasta Klassiker", "variant": "Spaghetti", "pack_size": "610.4 g", "unit": "g", "pack_count": null, "price": 2.99, "currency": "EUR", "promo_type": "aktion", "compare_price": "1 kg = 4.90", "uvp": null, "discount_pct": null, "valid_from": "2025-11-10", "valid_to": "2025-11-15", "special_validity": null, "notes": "*"}
{"supermarket": "Penny", "brand": "Mirácoli", "product_name": "Pastasauce", "variant": "Versch. Sorten", "pack_size": "675 g", "unit": "g", "pack_count": null, "price": 2.49, "currency": "EUR", "promo_type": "discount", "compare_price": "1 kg = 3.69", "uvp": 3.99, "discount_pct": 37, "valid_from": "2025-11-10", "valid_to": "2025-11-15", "special_validity": null, "notes": "**"}
{"supermarket": "Penny", "brand": "Ben's Original", "product_name": "Sauce", "variant": "Versch. Sorten", "pack_size": "675 g", "unit": "g", "pack_count": null, "price": 2.49, "currency": "EUR", "promo_type": "aktion", "compare_price": "1 kg = 3.69", "uvp": null, "discount_pct": null, "valid_from": "2025-11-10", "valid_to": "2025-11-15", "special_validity": null, "notes": "*"}
{"supermarket": "Penny", "brand": "Ben's Original", "product_name": "Reis", "variant": "Original-Langkorn, im Kochbeutel", "pack_size": "875 g", "unit": "g", "pack_count": null, "price": 2.69, "currency": "EUR", "promo_type": "aktion", "compare_price": "1 kg = 3.07", "uvp": null, "discount_pct": null, "valid_from": "2025-11-10", "valid_to": "2025-11-15", "special_validity": null, "notes": "**"}
{"supermarket": "Penny", "brand": "Ebly", "product_name": "Sonnenweizen", "variant": "Im Kochbeutel", "pack_size": "4 x 125 g", "unit": "g", "pack_count": 4, "price": 1.79, "currency": "EUR", "promo_type": "aktion", "compare_price": "1 kg = 3.58", "uvp": null, "discount_pct": null, "valid_from": "2025-11-10", "valid_to": "2025-11-15", "special_validity": null, "notes": "*"}
{"supermarket": "Penny", "brand": "Ebly", "product_name": "Sonnenweizen", "variant": "lose", "pack_size": "500 g", "unit": "g", "pack_count": null, "price": 1.79, "currency": "EUR", "promo_type": "aktion", "compare_price": "1 kg = 3.58", "uvp": null, "discount_pct": null, "valid_from": "2025-11-10", "valid_to": "2025-11-15", "special_validity": null, "notes": "*"}
{"supermarket": "Penny", "brand": "BAILEYS", "product_name": "Irish Cream Liqueur", "variant": "Original, 17% vol", "pack_size": "0.7 l", "unit": "l", "pack_count": null, "price": 9.99, "currency": "EUR", "promo_type": "discount", "compare_price": "1 l = 14.27", "uvp": 13.99, "discount_pct": 28, "valid_from": "2025-11-10", "valid_to": "2025-11-15", "special_validity": null, "notes": "**"}
{"supermarket": "Penny", "brand": "BAILEYS", "product_name": "Irish Cream Liqueur", "variant": "Schokolade Haselnuss, 17% vol", "pack_size": "0.5 l", "unit": "l", "pack_count": null, "price": 9.99, "currency": "EUR", "promo_type": "discount", "compare_price": "1 l = 19.98", "uvp": 13.99, "discount_pct": 28, "valid_from": "2025-11-10", "valid_to": "2025-11-15", "special_validity": null, "notes": "**"}
{"supermarket": "Penny", "brand": "FREIXENET", "product_name": "Mederaño Glühwein", "variant": "Versch. Sorten", "pack_size": "0.75 l", "unit": "l", "pack_count": null, "price": 2.99, "currency": "EUR", "promo_type": "discount", "compare_price": "1 l = 3.99", "uvp": 4.49, "discount_pct": 33, "valid_from": "2025-11-10", "valid_to": "2025-11-15", "special_validity": null, "notes": "*"}
{"supermarket": "Penny", "brand": "CHRISTKINDL", "product_name": "Glühwein", "variant": null, "pack_size": "1 l", "unit": "l", "pack_count": null, "price": 1.79, "currency": "EUR", "promo_type": "discount", "compare_price": null, "uvp": 2.29, "discount_pct": 21, "valid_from": "2025-11-10", "valid_to": "2025-11-15", "special_validity": null, "notes": null}
{"supermarket": "Penny", "brand": "LIGHT LIVE", "product_name": "Glühpunsch", "variant": "Versch. Sorten, 0,0% vol", "pack_size": "0.75 l", "unit": "l", "pack_count": null, "price": 2.49, "currency": "EUR", "promo_type": "discount", "compare_price": "1 l = 3.32", "uvp": 3.99, "discount_pct": 37, "valid_from": "2025-11-10", "valid_to": "2025-11-15", "special_validity": null, "notes": "*"}
{"supermarket": "Penny", "brand": "NATURGUT Bio", "product_name": "Tempranillo Glühwein", "variant": null, "pack_size": "0.75 l", "unit": "l", "pack_count": null, "price": 1.99, "currency": "EUR", "promo_type": "discount", "compare_price": "1 l = 2.65", "uvp": 2.49, "discount_pct": 20, "valid_from": "2025-11-10", "valid_to": "2025-11-15", "special_validity": null, "notes": null}
{"supermarket": "Penny", "brand": "GORBATSCHOW", "product_name": "Wodka", "variant": "Versch. Sorten, 37,5% vol", "pack_size": "0.7 l", "unit": "l", "pack_count": null, "price": 6.49, "currency": "EUR", "promo_type": "discount", "compare_price": "1 l = 9.27", "uvp": 9.79, "discount_pct": 33, "valid_from": "2025-11-10", "valid_to": "2025-11-15", "special_validity": null, "notes": null}
{"supermarket": "Penny", "brand": "GORBATSCHOW", "product_name": "Wodka", "variant": "Versch. Sorten, 37,5% vol", "pack_size": "0.7 l", "unit": "l", "pack_count": null, "price": 5.99, "currency": "EUR", "promo_type": "app_discount", "compare_price": "1 l = 8.56", "uvp": 9.79, "discount_pct": 38, "valid_from": "2025-11-10", "valid_to": "2025-11-15", "special_validity": null, "notes": null}
{"supermarket": "Penny", "brand": "Rotkäppchen", "product_name": "Sekt", "variant": "Versch. Sorten", "pack_size": "0.75 l", "unit": "l", "pack_count": null, "price": 2.99, "currency": "EUR", "promo_type": "discount", "compare_price": "1 l = 3.99", "uvp": 4.99, "discount_pct": 40, "valid_from": "2025-11-10", "valid_to": "2025-11-15", "special_validity": null, "notes": null}
{"supermarket": "Penny", "brand": "ROBBY BUBBLE", "product_name": "Kinderpunsch", "variant": null, "pack_size": "0.75 l", "unit": "l", "pack_count": null, "price": 2.49, "currency": "EUR", "promo_type": "discount", "compare_price": "1 l = 3.32", "uvp": 3.49, "discount_pct": 28, "valid_from": "2025-11-10", "valid_to": "2025-11-15", "special_validity": null, "notes": "*"}
```

-----

# 
```jsonl
{"supermarket": "PENNY", "brand": "swirl", "product_name": "Staubfilterbeutel-Jahrespackung", "variant": "Mit Antiallergenfilter, Ausführungen: M50, PH86, S67, M40, PH99, A07", "pack_size": "6er-Packung", "unit": null, "pack_count": null, "price": 10.99, "currency": "EUR", "promo_type": "-46%", "compare_price": null, "uvp": 20.69, "discount_pct": 46, "valid_from": "2024-11-13", "valid_to": "2024-11-15", "special_validity": null, "notes": "Dieser Artikel ist nur vorübergehend und nicht in allen Filialen erhältlich. Aufgrund begrenzter Vorratsmengen kann der Artikel bereits kurz nach Öffnung ausverkauft sein. Die Abgabe erfolgt nur in haushaltsüblichen Mengen. Alle Preise ohne Deko. Druckfehler vorbehalten."}
{"supermarket": "PENNY", "brand": null, "product_name": "Praktische Haushaltshelfer", "variant": "Viele versch. Ausführungen", "pack_size": "je Stück/Packung/Set", "unit": null, "pack_count": null, "price": 1.00, "currency": "EUR", "promo_type": "Aktion", "compare_price": null, "uvp": null, "discount_pct": null, "valid_from": "2024-11-13", "valid_to": "2024-11-15", "special_validity": null, "notes": "Dieser Artikel ist nur vorübergehend und nicht in allen Filialen erhältlich. Aufgrund begrenzter Vorratsmengen kann der Artikel bereits kurz nach Öffnung ausverkauft sein. Die Abgabe erfolgt nur in haushaltsüblichen Mengen. Alle Preise ohne Deko. Druckfehler vorbehalten."}
{"supermarket": "PENNY", "brand": "PHILIPS", "product_name": "Bodenstaubsauger", "variant": "FC8241/09", "pack_size": "je Stück", "unit": null, "pack_count": null, "price": 64.99, "currency": "EUR", "promo_type": "TOP DEAL, -63%", "compare_price": null, "uvp": 179.99, "discount_pct": 63, "valid_from": "2024-11-13", "valid_to": "2024-11-15", "special_validity": null, "notes": "Leistung ca. 900 W, Inkl. Staubbeutel für bis zu 3 l Inhalt, Aktionsradius ca. 9 m. Allergikerfreundlich Qualitätsgeprüft ECARF. Fugendüse im Staubsauger integriert. Allergiefilter erfasst 99,9% aller Partikel. Dieser Artikel ist nur vorübergehend und nicht in allen Filialen erhältlich. Aufgrund begrenzter Vorratsmengen kann der Artikel bereits kurz nach Öffnung ausverkauft sein. Die Abgabe erfolgt nur in haushaltsüblichen Mengen. Alle Preise ohne Deko. Druckfehler vorbehalten."}
{"supermarket": "PENNY", "brand": "andiamo", "product_name": "Sauberlaufmatte", "variant": "Schmutz- und wasserabweisend", "pack_size": "ca. B 60 x L 80 cm", "unit": "Stück", "pack_count": null, "price": 4.99, "currency": "EUR", "promo_type": "Aktion", "compare_price": null, "uvp": null, "discount_pct": null, "valid_from": "2024-11-13", "valid_to": "2024-11-15", "special_validity": null, "notes": "Versch. Größen. Dieser Artikel ist nur vorübergehend und nicht in allen Filialen erhältlich. Aufgrund begrenzter Vorratsmengen kann der Artikel bereits kurz nach Öffnung ausverkauft sein. Die Abgabe erfolgt nur in haushaltsüblichen Mengen. Alle Preise ohne Deko. Druckfehler vorbehalten."}
{"supermarket": "PENNY", "brand": "andiamo", "product_name": "Sauberlaufmatte", "variant": "Schmutz- und wasserabweisend", "pack_size": "ca. B 80 x L 120 cm", "unit": "Stück", "pack_count": null, "price": 8.99, "currency": "EUR", "promo_type": "Aktion", "compare_price": null, "uvp": null, "discount_pct": null, "valid_from": "2024-11-13", "valid_to": "2024-11-15", "special_validity": null, "notes": "Versch. Größen. Dieser Artikel ist nur vorübergehend und nicht in allen Filialen erhältlich. Aufgrund begrenzter Vorratsmengen kann der Artikel bereits kurz nach Öffnung ausverkauft sein. Die Abgabe erfolgt nur in haushaltsüblichen Mengen. Alle Preise ohne Deko. Druckfehler vorbehalten."}
{"supermarket": "PENNY", "brand": "andiamo", "product_name": "Sauberlaufmatte", "variant": "Schmutz- und wasserabweisend", "pack_size": "ca. B 80 x L 180 cm", "unit": "Stück", "pack_count": null, "price": 12.99, "currency": "EUR", "promo_type": "Aktion", "compare_price": null, "uvp": null, "discount_pct": null, "valid_from": "2024-11-13", "valid_to": "2024-11-15", "special_validity": null, "notes": "Versch. Größen. Dieser Artikel ist nur vorübergehend und nicht in allen Filialen erhältlich. Aufgrund begrenzter Vorratsmengen kann der Artikel bereits kurz nach Öffnung ausverkauft sein. Die Abgabe erfolgt nur in haushaltsüblichen Mengen. Alle Preise ohne Deko. Druckfehler vorbehalten."}
{"supermarket": "PENNY", "brand": "EMPIRE", "product_name": "Sauberlaufmatte", "variant": "Schmutz- und wasserabweisend", "pack_size": "ca. B 39 x L 58 cm", "unit": "Stück", "pack_count": null, "price": 2.99, "currency": "EUR", "promo_type": "Aktion", "compare_price": null, "uvp": null, "discount_pct": null, "valid_from": "2024-11-13", "valid_to": "2024-11-15", "special_validity": null, "notes": "Dieser Artikel ist nur vorübergehend und nicht in allen Filialen erhältlich. Aufgrund begrenzter Vorratsmengen kann der Artikel bereits kurz nach Öffnung ausverkauft sein. Die Abgabe erfolgt nur in haushaltsüblichen Mengen. Alle Preise ohne Deko. Druckfehler vorbehalten."}
{"supermarket": "PENNY", "brand": "EMPIRE", "product_name": "Sauberlaufmatte", "variant": "Schmutz- und wasserabweisend", "pack_size": "ca. B 78 x L 118 cm", "unit": "Stück", "pack_count": null, "price": 8.99, "currency": "EUR", "promo_type": "Aktion", "compare_price": null, "uvp": null, "discount_pct": null, "valid_from": "2024-11-13", "valid_to": "2024-11-15", "special_validity": null, "notes": "Dieser Artikel ist nur vorübergehend und nicht in allen Filialen erhältlich. Aufgrund begrenzter Vorratsmengen kann der Artikel bereits kurz nach Öffnung ausverkauft sein. Die Abgabe erfolgt nur in haushaltsüblichen Mengen. Alle Preise ohne Deko. Druckfehler vorbehalten."}
{"supermarket": "PENNY", "brand": "Makita", "product_name": "Akku-Staubsauger", "variant": "CL117FDX7 oder CL117FDX1", "pack_size": "je Stück", "unit": null, "pack_count": null, "price": 39.99, "currency": "EUR", "promo_type": "-75%", "compare_price": null, "uvp": 164.95, "discount_pct": 75, "valid_from": "2024-11-13", "valid_to": "2024-11-15", "special_validity": null, "notes": "Leistungsstarker 12-V-Li-Ion-Akku, Inkl. Fugendüse, Saugleistung ca. 5 kPa, 3 Leistungsstufen, Bis zu 55 Min. Betriebszeit. Mit LED-Beleuchtung. Dieser Artikel ist nur vorübergehend und nicht in allen Filialen erhältlich. Aufgrund begrenzter Vorratsmengen kann der Artikel bereits kurz nach Öffnung ausverkauft sein. Die Abgabe erfolgt nur in haushaltsüblichen Mengen. Alle Preise ohne Deko. Druckfehler vorbehalten."}
{"supermarket": "PENNY", "brand": null, "product_name": "Clementinen", "variant": "Kl. I", "pack_size": "1-kg-Netz", "unit": null, "pack_count": null, "price": 1.59, "currency": "EUR", "promo_type": "Preis KNALLER!", "compare_price": null, "uvp": null, "discount_pct": null, "valid_from": "2024-11-13", "valid_to": "2024-11-15", "special_validity": null, "notes": "Dieser Artikel ist nur vorübergehend und nicht in allen Filialen erhältlich. Aufgrund begrenzter Vorratsmengen kann der Artikel bereits kurz nach Öffnung ausverkauft sein. Die Abgabe erfolgt nur in haushaltsüblichen Mengen. Alle Preise ohne Deko. Druckfehler vorbehalten."}
{"supermarket": "PENNY", "brand": "MÜHLENHOF", "product_name": "Ente", "variant": "Ganz, frisch", "pack_size": "je kg", "unit": null, "pack_count": null, "price": 5.99, "currency": "EUR", "promo_type": "Aktion", "compare_price": null, "uvp": null, "discount_pct": null, "valid_from": "2024-11-13", "valid_to": "2024-11-15", "special_validity": null, "notes": "Herkunft: Deutschland, versch. Gewichte, im Frischfleischregal. Haltungsform 2 (Stall+Platz). Dieser Artikel ist nur vorübergehend und nicht in allen Filialen erhältlich. Aufgrund begrenzter Vorratsmengen kann der Artikel bereits kurz nach Öffnung ausverkauft sein. Die Abgabe erfolgt nur in haushaltsüblichen Mengen. Alle Preise ohne Deko. Druckfehler vorbehalten."}
{"supermarket": "PENNY", "brand": null, "product_name": "Rote Paprika", "variant": "Kl. I", "pack_size": "500-g-Packung", "unit": null, "pack_count": null, "price": 1.39, "currency": "EUR", "promo_type": "Preis KNALLER!", "compare_price": "1 kg = 2.78", "uvp": null, "discount_pct": null, "valid_from": "2024-11-13", "valid_to": "2024-11-15", "special_validity": null, "notes": "Dieser Artikel ist nur vorübergehend und nicht in allen Filialen erhältlich. Aufgrund begrenzter Vorratsmengen kann der Artikel bereits kurz nach Öffnung ausverkauft sein. Die Abgabe erfolgt nur in haushaltsüblichen Mengen. Alle Preise ohne Deko. Druckfehler vorbehalten."}
{"supermarket": "PENNY", "brand": "MÜHLENHOF", "product_name": "Frisches Hähnchen-Geschnetzeltes", "variant": "Mariniert, Gyros-Art", "pack_size": "800-g-Packung", "unit": null, "pack_count": null, "price": 4.99, "currency": "EUR", "promo_type": "Aktion", "compare_price": "1 kg = 6.24", "uvp": null, "discount_pct": null, "valid_from": "2024-11-13", "valid_to": "2024-11-15", "special_validity": null, "notes": "Im Frischfleischregal. Haltungsform 2 (Stall+Platz). Dieser Artikel ist nur vorübergehend und nicht in allen Filialen erhältlich. Aufgrund begrenzter Vorratsmengen kann der Artikel bereits kurz nach Öffnung ausverkauft sein. Die Abgabe erfolgt nur in haushaltsüblichen Mengen. Alle Preise ohne Deko. Druckfehler vorbehalten."}
{"supermarket": "PENNY", "brand": null, "product_name": "Roter Weihnachtsstern", "variant": null, "pack_size": "Im 12-cm-Topf", "unit": "Stück", "pack_count": null, "price": 2.49, "currency": "EUR", "promo_type": "Aktion", "compare_price": null, "uvp": null, "discount_pct": null, "valid_from": "2024-11-13", "valid_to": "2024-11-15", "special_validity": null, "notes": "Aus Niedersachsen. Dieser Artikel ist nur vorübergehend und nicht in allen Filialen erhältlich. Aufgrund begrenzter Vorratsmengen kann der Artikel bereits kurz nach Öffnung ausverkauft sein. Die Abgabe erfolgt nur in haushaltsüblichen Mengen. Alle Preise ohne Deko. Druckfehler vorbehalten."}
{"supermarket": "PENNY", "brand": "MÜHLENHOF", "product_name": "XXL Delikatess Hinterschinken", "variant": null, "pack_size": "350 g", "unit": null, "pack_count": null, "price": 2.49, "currency": "EUR", "promo_type": "Aktion", "compare_price": "1 kg = 7.11", "uvp": null, "discount_pct": null, "valid_from": "2024-11-13", "valid_to": "2024-11-15", "special_validity": null, "notes": "Dieser Artikel ist nur vorübergehend und nicht in allen Filialen erhältlich. Aufgrund begrenzter Vorratsmengen kann der Artikel bereits kurz nach Öffnung ausverkauft sein. Die Abgabe erfolgt nur in haushaltsüblichen Mengen. Alle Preise ohne Deko. Druckfehler vorbehalten."}
{"supermarket": "PENNY", "brand": null, "product_name": "Christrose", "variant": null, "pack_size": "Im 12-cm-Topf", "unit": "Stück", "pack_count": null, "price": 3.99, "currency": "EUR", "promo_type": "Aktion", "compare_price": null, "uvp": null, "discount_pct": null, "valid_from": "2024-11-13", "valid_to": "2024-11-15", "special_validity": null, "notes": "Dieser Artikel ist nur vorübergehend und nicht in allen Filialen erhältlich. Aufgrund begrenzter Vorratsmengen kann der Artikel bereits kurz nach Öffnung ausverkauft sein. Die Abgabe erfolgt nur in haushaltsüblichen Mengen. Alle Preise ohne Deko. Druckfehler vorbehalten."}
{"supermarket": "PENNY", "brand": "MEICA", "product_name": "Wiener Würstchen", "variant": null, "pack_size": "540 g", "unit": null, "pack_count": null, "price": 2.99, "currency": "EUR", "promo_type": "Aktion", "compare_price": "1 kg = 11.96", "uvp": null, "discount_pct": null, "valid_from": "2024-11-13", "valid_to": "2024-11-15", "special_validity": null, "notes": "Abtropfgewicht = 250 g. 6 Stück. Dieser Artikel ist nur vorübergehend und nicht in allen Filialen erhältlich. Aufgrund begrenzter Vorratsmengen kann der Artikel bereits kurz nach Öffnung ausverkauft sein. Die Abgabe erfolgt nur in haushaltsüblichen Mengen. Alle Preise ohne Deko. Druckfehler vorbehalten."}
{"supermarket": "PENNY", "brand": null, "product_name": "Herbst-Mix", "variant": null, "pack_size": "Im 6er-Tray", "unit": "Tray", "pack_count": null, "price": 5.99, "currency": "EUR", "promo_type": "Aktion", "compare_price": null, "uvp": null, "discount_pct": null, "valid_from": "2024-11-13", "valid_to": "2024-11-15", "special_validity": null, "notes": "Aus Deutschland. Dieser Artikel ist nur vorübergehend und nicht in allen Filialen erhältlich. Aufgrund begrenzter Vorratsmengen kann der Artikel bereits kurz nach Öffnung ausverkauft sein. Die Abgabe erfolgt nur in haushaltsüblichen Mengen. Alle Preise ohne Deko. Druckfehler vorbehalten."}
{"supermarket": "PENNY", "brand": "MILPRIMA", "product_name": "High Protein Pudding", "variant": "Versch. Sorten", "pack_size": "200 g", "unit": null, "pack_count": null, "price": 0.99, "currency": "EUR", "promo_type": "Aktion", "compare_price": "1 kg = 4.95", "uvp": null, "discount_pct": null, "valid_from": "2024-11-13", "valid_to": "2024-11-15", "special_validity": null, "notes": "Dieser Artikel ist nur vorübergehend und nicht in allen Filialen erhältlich. Aufgrund begrenzter Vorratsmengen kann der Artikel bereits kurz nach Öffnung ausverkauft sein. Die Abgabe erfolgt nur in haushaltsüblichen Mengen. Alle Preise ohne Deko. Druckfehler vorbehalten."}
{"supermarket": "PENNY", "brand": "MITAKOS", "product_name": "Hirtenkäse", "variant": null, "pack_size": "250 g", "unit": null, "pack_count": null, "price": 1.69, "currency": "EUR", "promo_type": "-10%", "compare_price": "1 kg = 6.76", "uvp": 1.89, "discount_pct": 10, "valid_from": "2024-11-13", "valid_to": "2024-11-15", "special_validity": null, "notes": "Dieser Artikel ist nur vorübergehend und nicht in allen Filialen erhältlich. Aufgrund begrenzter Vorratsmengen kann der Artikel bereits kurz nach Öffnung ausverkauft sein. Die Abgabe erfolgt nur in haushaltsüblichen Mengen. Alle Preise ohne Deko. Druckfehler vorbehalten."}
{"supermarket": "PENNY", "brand": "DANONE", "product_name": "Actimel Drink", "variant": "Versch. Sorten", "pack_size": "1.200 g", "unit": null, "pack_count": null, "price": 3.33, "currency": "EUR", "promo_type": "-44%", "compare_price": "1 kg = 2.78", "uvp": 5.98, "discount_pct": 44, "valid_from": "2024-11-13", "valid_to": "2024-11-15", "special_validity": null, "notes": "XXL Packung. Dieser Artikel ist nur vorübergehend und nicht in allen Filialen erhältlich. Aufgrund begrenzter Vorratsmengen kann der Artikel bereits kurz nach Öffnung ausverkauft sein. Die Abgabe erfolgt nur in haushaltsüblichen Mengen. Alle Preise ohne Deko. Druckfehler vorbehalten."}
{"supermarket": "PENNY", "brand": "PRÉSIDENT", "product_name": "Camembert", "variant": "Versch. Sorten", "pack_size": "250 g", "unit": null, "pack_count": null, "price": 2.59, "currency": "EUR", "promo_type": "-35%", "compare_price": "1 kg = 10.36", "uvp": 3.99, "discount_pct": 35, "valid_from": "2024-11-13", "valid_to": "2024-11-15", "special_validity": null, "notes": "8 Portionen. Dieser Artikel ist nur vorübergehend und nicht in allen Filialen erhältlich. Aufgrund begrenzter Vorratsmengen kann der Artikel bereits kurz nach Öffnung ausverkauft sein. Die Abgabe erfolgt nur in haushaltsüblichen Mengen. Alle Preise ohne Deko. Druckfehler vorbehalten."}
{"supermarket": "PENNY", "brand": "ARLA", "product_name": "Finello Reibekäse", "variant": "Versch. Sorten, gerieben", "pack_size": "150 g", "unit": null, "pack_count": null, "price": 1.59, "currency": "EUR", "promo_type": "-33%", "compare_price": "1 kg = 10.60", "uvp": 2.39, "discount_pct": 33, "valid_from": "2024-11-13", "valid_to": "2024-11-15", "special_validity": null, "notes": "Dieser Artikel ist nur vorübergehend und nicht in allen Filialen erhältlich. Aufgrund begrenzter Vorratsmengen kann der Artikel bereits kurz nach Öffnung ausverkauft sein. Die Abgabe erfolgt nur in haushaltsüblichen Mengen. Alle Preise ohne Deko. Druckfehler vorbehalten."}
{"supermarket": "PENNY", "brand": "BECEL", "product_name": "Margarine", "variant": "Versch. Sorten", "pack_size": "225 g", "unit": null, "pack_count": null, "price": 1.29, "currency": "EUR", "promo_type": "-35%", "compare_price": "1 kg = 5.73", "uvp": 1.99, "discount_pct": 35, "valid_from": "2024-11-13", "valid_to": "2024-11-15", "special_validity": null, "notes": null}
{"supermarket": "PENNY", "brand": "KERRYGOLD", "product_name": "Irisches Butterschmalz", "variant": null, "pack_size": "250 g", "unit": null, "pack_count": null, "price": 3.49, "currency": "EUR", "promo_type": "-28%", "compare_price": "1 kg = 13.96", "uvp": 4.89, "discount_pct": 28, "valid_from": "2024-11-13", "valid_to": "2024-11-15", "special_validity": null, "notes": "Dieser Artikel ist nur vorübergehend und nicht in allen Filialen erhältlich. Aufgrund begrenzter Vorratsmengen kann der Artikel bereits kurz nach Öffnung ausverkauft sein. Die Abgabe erfolgt nur in haushaltsüblichen Mengen. Alle Preise ohne Deko. Druckfehler vorbehalten."}
{"supermarket": "PENNY", "brand": "NESCAFÉ", "product_name": "Farmers Origins Kaffeekapseln", "variant": "Versch. Sorten", "pack_size": "44 g", "unit": null, "pack_count": null, "price": 2.49, "currency": "EUR", "promo_type": "-16%", "compare_price": "1 kg = 56.59", "uvp": 2.99, "discount_pct": 16, "valid_from": "2024-11-13", "valid_to": "2024-11-15", "special_validity": null, "notes": null}
{"supermarket": "PENNY", "brand": "JACOBS", "product_name": "Ganze Bohnen", "variant": "Versch. Sorten", "pack_size": "1.000 g", "unit": null, "pack_count": null, "price": 12.99, "currency": "EUR", "promo_type": "-38%", "compare_price": null, "uvp": 20.99, "discount_pct": 38, "valid_from": "2024-11-13", "valid_to": "2024-11-15", "special_validity": null, "notes": "Dieser Artikel ist nur vorübergehend und nicht in allen Filialen erhältlich. Aufgrund begrenzter Vorratsmengen kann der Artikel bereits kurz nach Öffnung ausverkauft sein. Die Abgabe erfolgt nur in haushaltsüblichen Mengen. Alle Preise ohne Deko. Druckfehler vorbehalten."}
{"supermarket": "PENNY", "brand": "LAVAZZA", "product_name": "Kaffeepads", "variant": "Versch. Sorten", "pack_size": "125 g", "unit": null, "pack_count": null, "price": 2.22, "currency": "EUR", "promo_type": "-39%", "compare_price": "1 kg = 17.76", "uvp": 3.69, "discount_pct": 39, "valid_from": "2024-11-13", "valid_to": "2024-11-15", "special_validity": null, "notes": "Dieser Artikel ist nur vorübergehend und nicht in allen Filialen erhältlich. Aufgrund begrenzter Vorratsmengen kann der Artikel bereits kurz nach Öffnung ausverkauft sein. Die Abgabe erfolgt nur in haushaltsüblichen Mengen. Alle Preise ohne Deko. Druckfehler vorbehalten."}
{"supermarket": "PENNY", "brand": "MÖVENPICK", "product_name": "Kaffee", "variant": "Versch. Sorten", "pack_size": "500 g", "unit": null, "pack_count": null, "price": 6.99, "currency": "EUR", "promo_type": "-34%", "compare_price": "1 kg = 13.98", "uvp": 10.69, "discount_pct": 34, "valid_from": "2024-11-13", "valid_to": "2024-11-15", "special_validity": null, "notes": "Dieser Artikel ist nur vorübergehend und nicht in allen Filialen erhältlich. Aufgrund begrenzter Vorratsmengen kann der Artikel bereits kurz nach Öffnung ausverkauft sein. Die Abgabe erfolgt nur in haushaltsüblichen Mengen. Alle Preise ohne Deko. Druckfehler vorbehalten."}
{"supermarket": "PENNY", "brand": "NESTLÉ", "product_name": "Nesquik", "variant": "Versch. Sorten", "pack_size": "350 g", "unit": null, "pack_count": null, "price": 1.99, "currency": "EUR", "promo_type": "-39%", "compare_price": "1 kg = 5.69", "uvp": 3.29, "discount_pct": 39, "valid_from": "2024-11-13", "valid_to": "2024-11-15", "special_validity": null, "notes": null}
{"supermarket": "PENNY", "brand": "Meßmer", "product_name": "Früchtetee", "variant": "Versch. Sorten", "pack_size": "55 g", "unit": null, "pack_count": null, "price": 1.59, "currency": "EUR", "promo_type": "-27%", "compare_price": "1 kg = 28.91", "uvp": 2.19, "discount_pct": 27, "valid_from": "2024-11-13", "valid_to": "2024-11-15", "special_validity": null, "notes": "Dieser Artikel ist nur vorübergehend und nicht in allen Filialen erhältlich. Aufgrund begrenzter Vorratsmengen kann der Artikel bereits kurz nach Öffnung ausverkauft sein. Die Abgabe erfolgt nur in haushaltsüblichen Mengen. Alle Preise ohne Deko. Druckfehler vorbehalten."}
{"supermarket": "PENNY", "brand": "MÜHLHÄUSER", "product_name": "Pflaumenmus", "variant": "Versch. Sorten", "pack_size": "450 g", "unit": null, "pack_count": null, "price": 1.69, "currency": "EUR", "promo_type": "-26%", "compare_price": "1 kg = 3.76", "uvp": 2.29, "discount_pct": 26, "valid_from": "2024-11-13", "valid_to": "2024-11-15", "special_validity": null, "notes": "Dieser Artikel ist nur vorübergehend und nicht in allen Filialen erhältlich. Aufgrund begrenzter Vorratsmengen kann der Artikel bereits kurz nach Öffnung ausverkauft sein. Die Abgabe erfolgt nur in haushaltsüblichen Mengen. Alle Preise ohne Deko. Druckfehler vorbehalten."}
{"supermarket": "PENNY", "brand": "KÖLLN", "product_name": "Hafer-Porridge", "variant": "Versch. Sorten", "pack_size": "375 g", "unit": null, "pack_count": null, "price": 2.49, "currency": "EUR", "promo_type": "-28%", "compare_price": "1 kg = 6.64", "uvp": 3.49, "discount_pct": 28, "valid_from": "2024-11-13", "valid_to": "2024-11-15", "special_validity": null, "notes": "Dieser Artikel ist nur vorübergehend und nicht in allen Filialen erhältlich. Aufgrund begrenzter Vorratsmengen kann der Artikel bereits kurz nach Öffnung ausverkauft sein. Die Abgabe erfolgt nur in haushaltsüblichen Mengen. Alle Preise ohne Deko. Druckfehler vorbehalten."}
{"supermarket": "PENNY", "brand": "RAPSO", "product_name": "Rapsöl", "variant": "Zu 100% rein, aus kontrolliertem Anbau", "pack_size": "750 ml", "unit": null, "pack_count": null, "price": 3.79, "currency": "EUR", "promo_type": "-24%", "compare_price": "1 l = 5.05", "uvp": 4.99, "discount_pct": 24, "valid_from": "2024-11-13", "valid_to": "2024-11-15", "special_validity": null, "notes": null}
{"supermarket": "PENNY", "brand": "BARILLA", "product_name": "Proteinpasta", "variant": "Versch. Sorten", "pack_size": "400 g", "unit": null, "pack_count": null, "price": 1.99, "currency": "EUR", "promo_type": "Aktion", "compare_price": "1 kg = 4.98", "uvp": null, "discount_pct": null, "valid_from": "2024-11-13", "valid_to": "2024-11-15", "special_validity": null, "notes": "Dieser Artikel ist nur vorübergehend und nicht in allen Filialen erhältlich. Aufgrund begrenzter Vorratsmengen kann der Artikel bereits kurz nach Öffnung ausverkauft sein. Die Abgabe erfolgt nur in haushaltsüblichen Mengen. Alle Preise ohne Deko. Druckfehler vorbehalten."}
{"supermarket": "PENNY", "brand": "DU DARFST", "product_name": "Puten-Geschnetzeltes", "variant": null, "pack_size": "400 g", "unit": null, "pack_count": null, "price": 2.29, "currency": "EUR", "promo_type": "Aktion", "compare_price": "1 kg = 5.73", "uvp": null, "discount_pct": null, "valid_from": "2024-11-13", "valid_to": "2024-11-15", "special_validity": null, "notes": "Dieser Artikel ist nur vorübergehend und nicht in allen Filialen erhältlich. Aufgrund begrenzter Vorratsmengen kann der Artikel bereits kurz nach Öffnung ausverkauft sein. Die Abgabe erfolgt nur in haushaltsüblichen Mengen. Alle Preise ohne Deko. Druckfehler vorbehalten."}
{"supermarket": "PENNY", "brand": "DU DARFST", "product_name": "Spaghetti Bolognese", "variant": null, "pack_size": "375 g", "unit": null, "pack_count": null, "price": 2.29, "currency": "EUR", "promo_type": "Aktion", "compare_price": "1 kg = 6.11", "uvp": null, "discount_pct": null, "valid_from": "2024-11-13", "valid_to": "2024-11-15", "special_validity": null, "notes": "Dieser Artikel ist nur vorübergehend und nicht in allen Filialen erhältlich. Aufgrund begrenzter Vorratsmengen kann der Artikel bereits kurz nach Öffnung ausverkauft sein. Die Abgabe erfolgt nur in haushaltsüblichen Mengen. Alle Preise ohne Deko. Druckfehler vorbehalten."}
{"supermarket": "PENNY", "brand": "Bonduelle", "product_name": "Lunch Bowl", "variant": "Versch. Sorten", "pack_size": "250 g", "unit": null, "pack_count": null, "price": 1.99, "currency": "EUR", "promo_type": "-20%", "compare_price": "1 kg = 7.96", "uvp": 2.49, "discount_pct": 20, "valid_from": "2024-11-13", "valid_to": "2024-11-15", "special_validity": null, "notes": "Dieser Artikel ist nur vorübergehend und nicht in allen Filialen erhältlich. Aufgrund begrenzter Vorratsmengen kann der Artikel bereits kurz nach Öffnung ausverkauft sein. Die Abgabe erfolgt nur in haushaltsüblichen Mengen. Alle Preise ohne Deko. Druckfehler vorbehalten."}
{"supermarket": "PENNY", "brand": "LEIMER", "product_name": "Paniermehl", "variant": null, "pack_size": "400 g", "unit": null, "pack_count": null, "price": 0.79, "currency": "EUR", "promo_type": "-38%", "compare_price": "1 kg = 1.98", "uvp": 1.29, "discount_pct": 38, "valid_from": "2024-11-13", "valid_to": "2024-11-15", "special_validity": null, "notes": null}
{"supermarket": "PENNY", "brand": "KOCH'S", "product_name": "Sauce", "variant": "Sahne Meerrettich", "pack_size": "135 g", "unit": null, "pack_count": null, "price": 1.49, "currency": "EUR", "promo_type": "Aktion", "compare_price": "1 kg = 11.04", "uvp": null, "discount_pct": null, "valid_from": "2024-11-13", "valid_to": "2024-11-15", "special_validity": null, "notes": "Dieser Artikel ist nur vorübergehend und nicht in allen Filialen erhältlich. Aufgrund begrenzter Vorratsmengen kann der Artikel bereits kurz nach Öffnung ausverkauft sein. Die Abgabe erfolgt nur in haushaltsüblichen Mengen. Alle Preise ohne Deko. Druckfehler vorbehalten."}
{"supermarket": "PENNY", "brand": "KOCH'S", "product_name": "Sauce", "variant": "Graved Lachs", "pack_size": "140 ml", "unit": null, "pack_count": null, "price": 1.49, "currency": "EUR", "promo_type": "Aktion", "compare_price": "1 l = 10.64", "uvp": null, "discount_pct": null, "valid_from": "2024-11-13", "valid_to": "2024-11-15", "special_validity": null, "notes": "Dieser Artikel ist nur vorübergehend und nicht in allen Filialen erhältlich. Aufgrund begrenzter Vorratsmengen kann der Artikel bereits kurz nach Öffnung ausverkauft sein. Die Abgabe erfolgt nur in haushaltsüblichen Mengen. Alle Preise ohne Deko. Druckfehler vorbehalten."}
{"supermarket": "PENNY", "brand": "Hengstenberg", "product_name": "Mildessa Kraut", "variant": "Genießer Rotkohl", "pack_size": "400 g", "unit": null, "pack_count": null, "price": 1.59, "currency": "EUR", "promo_type": "-20%", "compare_price": "1 kg = 3.98", "uvp": 1.99, "discount_pct": 20, "valid_from": "2024-11-13", "valid_to": "2024-11-15", "special_validity": null, "notes": "Dieser Artikel ist nur vorübergehend und nicht in allen Filialen erhältlich. Aufgrund begrenzter Vorratsmengen kann der Artikel bereits kurz nach Öffnung ausverkauft sein. Die Abgabe erfolgt nur in haushaltsüblichen Mengen. Alle Preise ohne Deko. Druckfehler vorbehalten."}
{"supermarket": "PENNY", "brand": "Hengstenberg", "product_name": "Mildessa Kraut", "variant": "Sauerkraut", "pack_size": "400 g", "unit": null, "pack_count": null, "price": 1.59, "currency": "EUR", "promo_type": "-20%", "compare_price": "1 kg = 4.54", "uvp": 1.99, "discount_pct": 20, "valid_from": "2024-11-13", "valid_to": "2024-11-15", "special_validity": null, "notes": "Abtropfgewicht = 350 g. Dieser Artikel ist nur vorübergehend und nicht in allen Filialen erhältlich. Aufgrund begrenzter Vorratsmengen kann der Artikel bereits kurz nach Öffnung ausverkauft sein. Die Abgabe erfolgt nur in haushaltsüblichen Mengen. Alle Preise ohne Deko. Druckfehler vorbehalten."}
{"supermarket": "PENNY", "brand": "ADEL-HOLZENER", "product_name": "Active O2", "variant": "Versch. Sorten", "pack_size": "0,75 l", "unit": null, "pack_count": null, "price": 0.99, "currency": "EUR", "promo_type": "-16%", "compare_price": "1 l = 1.32", "uvp": 1.19, "discount_pct": 16, "valid_from": "2024-11-13", "valid_to": "2024-11-15", "special_validity": null, "notes": "zzgl. 0.25 Pfand."}
{"supermarket": "PENNY", "brand": "LIPTON", "product_name": "Ice Tea", "variant": "Versch. Sorten", "pack_size": "1,25 l", "unit": null, "pack_count": null, "price": 1.29, "currency": "EUR", "promo_type": "-23%", "compare_price": "1 l = 1.03", "uvp": 1.69, "discount_pct": 23, "valid_from": "2024-11-13", "valid_to": "2024-11-15", "special_validity": null, "notes": "zzgl. 0.25 Pfand. Nicht in allen Märkten erhältlich. Dieser Artikel ist nur vorübergehend und nicht in allen Filialen erhältlich. Aufgrund begrenzter Vorratsmengen kann der Artikel bereits kurz nach Öffnung ausverkauft sein. Die Abgabe erfolgt nur in haushaltsüblichen Mengen. Alle Preise ohne Deko. Druckfehler vorbehalten."}
{"supermarket": "PENNY", "brand": "MERCI", "product_name": "Finest Selection", "variant": "Winter Chocolate", "pack_size": "250 g", "unit": null, "pack_count": null, "price": 3.79, "currency": "EUR", "promo_type": "-15%", "compare_price": "1 kg = 15.16", "uvp": 4.49, "discount_pct": 15, "valid_from": "2024-11-13", "valid_to": "2024-11-15", "special_validity": null, "notes": "Dieser Artikel ist nur vorübergehend und nicht in allen Filialen erhältlich. Aufgrund begrenzter Vorratsmengen kann der Artikel bereits kurz nach Öffnung ausverkauft sein. Die Abgabe erfolgt nur in haushaltsüblichen Mengen. Alle Preise ohne Deko. Druckfehler vorbehalten."}
{"supermarket": "PENNY", "brand": "MERCI", "product_name": "Weihnachtsmann", "variant": null, "pack_size": "120 g", "unit": null, "pack_count": null, "price": 2.39, "currency": "EUR", "promo_type": "-25%", "compare_price": "1 kg = 19.92", "uvp": 3.19, "discount_pct": 25, "valid_from": "2024-11-13", "valid_to": "2024-11-15", "special_validity": null, "notes": "Dieser Artikel ist nur vorübergehend und nicht in allen Filialen erhältlich. Aufgrund begrenzter Vorratsmengen kann der Artikel bereits kurz nach Öffnung ausverkauft sein. Die Abgabe erfolgt nur in haushaltsüblichen Mengen. Alle Preise ohne Deko. Druckfehler vorbehalten."}
{"supermarket": "PENNY", "brand": "PERTZ-BORN", "product_name": "Lebkuchen Nussknacker", "variant": null, "pack_size": "240 g", "unit": null, "pack_count": null, "price": 3.99, "currency": "EUR", "promo_type": "Aktion", "compare_price": "1 kg = 16.63", "uvp": null, "discount_pct": null, "valid_from": "2024-11-13", "valid_to": "2024-11-15", "special_validity": null, "notes": "Dieser Artikel ist nur vorübergehend und nicht in allen Filialen erhältlich. Aufgrund begrenzter Vorratsmengen kann der Artikel bereits kurz nach Öffnung ausverkauft sein. Die Abgabe erfolgt nur in haushaltsüblichen Mengen. Alle Preise ohne Deko. Druckfehler vorbehalten."}
{"supermarket": "PENNY", "brand": "OREO", "product_name": "Crunchies", "variant": "Versch. Sorten", "pack_size": "110 g", "unit": null, "pack_count": null, "price": 1.59, "currency": "EUR", "promo_type": "-20%", "compare_price": "1 kg = 14.45", "uvp": 1.99, "discount_pct": 20, "valid_from": "2024-11-13", "valid_to": "2024-11-15", "special_validity": null, "notes": "Dieser Artikel ist nur vorübergehend und nicht in allen Filialen erhältlich. Aufgrund begrenzter Vorratsmengen kann der Artikel bereits kurz nach Öffnung ausverkauft sein. Die Abgabe erfolgt nur in haushaltsüblichen Mengen. Alle Preise ohne Deko. Druckfehler vorbehalten."}
{"supermarket": "PENNY", "brand": "MILKA", "product_name": "Mini Cookies", "variant": null, "pack_size": "110 g", "unit": null, "pack_count": null, "price": 1.59, "currency": "EUR", "promo_type": "-20%", "compare_price": "1 kg = 14.45", "uvp": 1.99, "discount_pct": 20, "valid_from": "2024-11-13", "valid_to": "2024-11-15", "special_validity": null, "notes": "Dieser Artikel ist nur vorübergehend und nicht in allen Filialen erhältlich. Aufgrund begrenzter Vorratsmengen kann der Artikel bereits kurz nach Öffnung ausverkauft sein. Die Abgabe erfolgt nur in haushaltsüblichen Mengen. Alle Preise ohne Deko. Druckfehler vorbehalten."}
{"supermarket": "PENNY", "brand": "DE BEUKELAER", "product_name": "Prinzen Rolle Minis", "variant": null, "pack_size": "6 x 37,5 g", "unit": null, "pack_count": null, "price": 1.59, "currency": "EUR", "promo_type": "-20%", "compare_price": "1 kg = 7.07", "uvp": 1.99, "discount_pct": 20, "valid_from": "2024-11-13", "valid_to": "2024-11-15", "special_validity": null, "notes": "Dieser Artikel ist nur vorübergehend und nicht in allen Filialen erhältlich. Aufgrund begrenzter Vorratsmengen kann der Artikel bereits kurz nach Öffnung ausverkauft sein. Die Abgabe erfolgt nur in haushaltsüblichen Mengen. Alle Preise ohne Deko. Druckfehler vorbehalten."}
{"supermarket": "PENNY", "brand": "DE BEUKELAER", "product_name": "Cremys", "variant": null, "pack_size": "200 g", "unit": null, "pack_count": null, "price": 1.59, "currency": "EUR", "promo_type": "-20%", "compare_price": "1 kg = 7.95", "uvp": 1.99, "discount_pct": 20, "valid_from": "2024-11-13", "valid_to": "2024-11-15", "special_validity": null, "notes": "Dieser Artikel ist nur vorübergehend und nicht in allen Filialen erhältlich. Aufgrund begrenzter Vorratsmengen kann der Artikel bereits kurz nach Öffnung ausverkauft sein. Die Abgabe erfolgt nur in haushaltsüblichen Mengen. Alle Preise ohne Deko. Druckfehler vorbehalten."}
{"supermarket": "PENNY", "brand": "STORCK", "product_name": "Toffifee", "variant": "Versch. Motive", "pack_size": "375 g", "unit": null, "pack_count": null, "price": 3.49, "currency": "EUR", "promo_type": "-22%", "compare_price": "1 kg = 9.31", "uvp": 4.49, "discount_pct": 22, "valid_from": "2024-11-13", "valid_to": "2024-11-15", "special_validity": null, "notes": "Dieser Artikel ist nur vorübergehend und nicht in allen Filialen erhältlich. Aufgrund begrenzter Vorratsmengen kann der Artikel bereits kurz nach Öffnung ausverkauft sein. Die Abgabe erfolgt nur in haushaltsüblichen Mengen. Alle Preise ohne Deko. Druckfehler vorbehalten."}
{"supermarket": "PENNY", "brand": "STORCK", "product_name": "Mamba Beach", "variant": "Versch. Sorten", "pack_size": "160 g", "unit": null, "pack_count": null, "price": 0.99, "currency": "EUR", "promo_type": "Aktion", "compare_price": "1 kg = 6.19", "uvp": null, "discount_pct": null, "valid_from": "2024-11-13", "valid_to": "2024-11-15", "special_validity": null, "notes": "Dieser Artikel ist nur vorübergehend und nicht in allen Filialen erhältlich. Aufgrund begrenzter Vorratsmengen kann der Artikel bereits kurz nach Öffnung ausverkauft sein. Die Abgabe erfolgt nur in haushaltsüblichen Mengen. Alle Preise ohne Deko. Druckfehler vorbehalten."}
{"supermarket": "PENNY", "brand": "TILLY", "product_name": "Chinois", "variant": "Versch. Sorten", "pack_size": "350 g", "unit": null, "pack_count": null, "price": 2.49, "currency": "EUR", "promo_type": "Aktion", "compare_price": "1 kg = 7.11", "uvp": null, "discount_pct": null, "valid_from": "2024-11-13", "valid_to": "2024-11-15", "special_validity": null, "notes": "Dieser Artikel ist nur vorübergehend und nicht in allen Filialen erhältlich. Aufgrund begrenzter Vorratsmengen kann der Artikel bereits kurz nach Öffnung ausverkauft sein. Die Abgabe erfolgt nur in haushaltsüblichen Mengen. Alle Preise ohne Deko. Druckfehler vorbehalten."}
{"supermarket": "PENNY", "brand": "TILLY", "product_name": "Kaffeekuchen", "variant": "Versch. Sorten", "pack_size": "400 g", "unit": null, "pack_count": null, "price": 2.49, "currency": "EUR", "promo_type": "Aktion", "compare_price": "1 kg = 6.23", "uvp": null, "discount_pct": null, "valid_from": "2024-11-13", "valid_to": "2024-11-15", "special_validity": null, "notes": "Dieser Artikel ist nur vorübergehend und nicht in allen Filialen erhältlich. Aufgrund begrenzter Vorratsmengen kann der Artikel bereits kurz nach Öffnung ausverkauft sein. Die Abgabe erfolgt nur in haushaltsüblichen Mengen. Alle Preise ohne Deko. Druckfehler vorbehalten."}
{"supermarket": "PENNY", "brand": "KABA", "product_name": "Waffelriegel", "variant": null, "pack_size": "4 x 40 g", "unit": null, "pack_count": null, "price": 2.49, "currency": "EUR", "promo_type": "-16%", "compare_price": "1 kg = 15.56", "uvp": 2.99, "discount_pct": 16, "valid_from": "2024-11-13", "valid_to": "2024-11-15", "special_validity": null, "notes": "Dieser Artikel ist nur vorübergehend und nicht in allen Filialen erhältlich. Aufgrund begrenzter Vorratsmengen kann der Artikel bereits kurz nach Öffnung ausverkauft sein. Die Abgabe erfolgt nur in haushaltsüblichen Mengen. Alle Preise ohne Deko. Druckfehler vorbehalten."}
{"supermarket": "PENNY", "brand": "KABA", "product_name": "Knusperriegel", "variant": null, "pack_size": "5 x 30 g", "unit": null, "pack_count": null, "price": 2.49, "currency": "EUR", "promo_type": "-16%", "compare_price": "1 kg = 16.60", "uvp": 2.99, "discount_pct": 16, "valid_from": "2024-11-13", "valid_to": "2024-11-15", "special_validity": null, "notes": "Dieser Artikel ist nur vorübergehend und nicht in allen Filialen erhältlich. Aufgrund begrenzter Vorratsmengen kann der Artikel bereits kurz nach Öffnung ausverkauft sein. Die Abgabe erfolgt nur in haushaltsüblichen Mengen. Alle Preise ohne Deko. Druckfehler vorbehalten."}
{"supermarket": "PENNY", "brand": "KROMBACHER", "product_name": "0,0% oder Pils", "variant": null, "pack_size": "0,5 l", "unit": null, "pack_count": null, "price": 0.69, "currency": "EUR", "promo_type": "-27%", "compare_price": "1 l = 1.38", "uvp": 0.95, "discount_pct": 27, "valid_from": "2024-11-13", "valid_to": "2024-11-15", "special_validity": null, "notes": "Zzgl. 0.25 Pfand."}
{"supermarket": "PENNY", "brand": "MM", "product_name": "Extra Sekt", "variant": "Versch. Sorten", "pack_size": "0,75 l", "unit": null, "pack_count": null, "price": 2.99, "currency": "EUR", "promo_type": "-37%", "compare_price": "1 l = 3.99", "uvp": 4.79, "discount_pct": 37, "valid_from": "2024-11-13", "valid_to": "2024-11-15", "special_validity": null, "notes": null}
{"supermarket": "PENNY", "brand": "JIM BEAM", "product_name": "Whiskey", "variant": "Versch. Sorten, 32,5%/40% vol", "pack_size": "0,7 l", "unit": null, "pack_count": null, "price": 10.99, "currency": "EUR", "promo_type": "Preis KNALLER!", "compare_price": "1 l = 15.70", "uvp": null, "discount_pct": null, "valid_from": "2024-11-13", "valid_to": "2024-11-15", "special_validity": null, "notes": "Mit PENNY App 9.99 (1 l = 14.27). Dieser Artikel ist nur vorübergehend und nicht in allen Filialen erhältlich. Aufgrund begrenzter Vorratsmengen kann der Artikel bereits kurz nach Öffnung ausverkauft sein. Die Abgabe erfolgt nur in haushaltsüblichen Mengen. Alle Preise ohne Deko. Druckfehler vorbehalten."}
{"supermarket": "PENNY", "brand": "ALPECIN", "product_name": "Coffein Shampoo + Liquid", "variant": null, "pack_size": "250 ml", "unit": null, "pack_count": null, "price": 6.45, "currency": "EUR", "promo_type": "Aktion", "compare_price": "1 l = 25.80", "uvp": null, "discount_pct": null, "valid_from": "2024-11-13", "valid_to": "2024-11-15", "special_validity": null, "notes": "Dieser Artikel ist nur vorübergehend und nicht in allen Filialen erhältlich. Aufgrund begrenzter Vorratsmengen kann der Artikel bereits kurz nach Öffnung ausverkauft sein. Die Abgabe erfolgt nur in haushaltsüblichen Mengen. Alle Preise ohne Deko. Druckfehler vorbehalten."}
{"supermarket": "PENNY", "brand": "Pampers", "product_name": "Windeln Big Pack", "variant": "Versch. Sorten", "pack_size": "je 3 Packungen", "unit": null, "pack_count": null, "price": 33.90, "currency": "EUR", "promo_type": "3 Kaufen, 2 Zahlen (1 GRATIS), -33%", "compare_price": "Entspricht 11.30 je Packung", "uvp": 50.85, "discount_pct": 33, "valid_from": "2024-11-13", "valid_to": "2024-11-15", "special_validity": null, "notes": "Dieser Artikel ist nur vorübergehend und nicht in allen Filialen erhältlich. Aufgrund begrenzter Vorratsmengen kann der Artikel bereits kurz nach Öffnung ausverkauft sein. Die Abgabe erfolgt nur in haushaltsüblichen Mengen. Alle Preise ohne Deko. Druckfehler vorbehalten."}
{"supermarket": "PENNY", "brand": "BULLRICH", "product_name": "Heilerde Tuchmaske", "variant": null, "pack_size": "je Stück", "unit": null, "pack_count": null, "price": 1.79, "currency": "EUR", "promo_type": "Aktion", "compare_price": null, "uvp": null, "discount_pct": null, "valid_from": "2024-11-13", "valid_to": "2024-11-15", "special_validity": null, "notes": "Dieser Artikel ist nur vorübergehend und nicht in allen Filialen erhältlich. Aufgrund begrenzter Vorratsmengen kann der Artikel bereits kurz nach Öffnung ausverkauft sein. Die Abgabe erfolgt nur in haushaltsüblichen Mengen. Alle Preise ohne Deko. Druckfehler vorbehalten."}
{"supermarket": "PENNY", "brand": "BULLRICH", "product_name": "Heilerde Paste", "variant": "gebrauchsfertig", "pack_size": "200 ml", "unit": null, "pack_count": null, "price": 3.99, "currency": "EUR", "promo_type": "Aktion", "compare_price": "1 l = 19.95", "uvp": null, "discount_pct": null, "valid_from": "2024-11-13", "valid_to": "2024-11-15", "special_validity": null, "notes": "Dieser Artikel ist nur vorübergehend und nicht in allen Filialen erhältlich. Aufgrund begrenzter Vorratsmengen kann der Artikel bereits kurz nach Öffnung ausverkauft sein. Die Abgabe erfolgt nur in haushaltsüblichen Mengen. Alle Preise ohne Deko. Druckfehler vorbehalten."}
{"supermarket": "PENNY", "brand": "PALMOLIVE", "product_name": "Duschgel", "variant": "Versch. Sorten", "pack_size": "2 x 250 ml", "unit": null, "pack_count": null, "price": 1.99, "currency": "EUR", "promo_type": "Aktion", "compare_price": "1 l = 3.98", "uvp": null, "discount_pct": null, "valid_from": "2024-11-13", "valid_to": "2024-11-15", "special_validity": null, "notes": "Doppelpack. Dieser Artikel ist nur vorübergehend und nicht in allen Filialen erhältlich. Aufgrund begrenzter Vorratsmengen kann der Artikel bereits kurz nach Öffnung ausverkauft sein. Die Abgabe erfolgt nur in haushaltsüblichen Mengen. Alle Preise ohne Deko. Druckfehler vorbehalten."}
{"supermarket": "PENNY", "brand": "PALMOLIVE", "product_name": "Flüssigseife", "variant": "Versch. Sorten", "pack_size": "2 x 300 ml", "unit": null, "pack_count": null, "price": 1.99, "currency": "EUR", "promo_type": "Aktion", "compare_price": "1 l = 3.32", "uvp": null, "discount_pct": null, "valid_from": "2024-11-13", "valid_to": "2024-11-15", "special_validity": null, "notes": "Doppelpack. Dieser Artikel ist nur vorübergehend und nicht in allen Filialen erhältlich. Aufgrund begrenzter Vorratsmengen kann der Artikel bereits kurz nach Öffnung ausverkauft sein. Die Abgabe erfolgt nur in haushaltsüblichen Mengen. Alle Preise ohne Deko. Druckfehler vorbehalten."}
{"supermarket": "PENNY", "brand": "WHISKAS", "product_name": "Knuspertaschen", "variant": "Mit Huhn und Käse", "pack_size": "180 g", "unit": null, "pack_count": null, "price": 2.99, "currency": "EUR", "promo_type": "Aktion", "compare_price": "1 kg = 16.61", "uvp": null, "discount_pct": null, "valid_from": "2024-11-13", "valid_to": "2024-11-15", "special_validity": null, "notes": "Dieser Artikel ist nur vorübergehend und nicht in allen Filialen erhältlich. Aufgrund begrenzter Vorratsmengen kann der Artikel bereits kurz nach Öffnung ausverkauft sein. Die Abgabe erfolgt nur in haushaltsüblichen Mengen. Alle Preise ohne Deko. Druckfehler vorbehalten."}
{"supermarket": "PENNY", "brand": "DREAMIES", "product_name": "Mit Huhn", "variant": null, "pack_size": "180 g", "unit": null, "pack_count": null, "price": 2.99, "currency": "EUR", "promo_type": "Aktion", "compare_price": "1 kg = 16.61", "uvp": null, "discount_pct": null, "valid_from": "2024-11-13", "valid_to": "2024-11-15", "special_validity": null, "notes": "Dieser Artikel ist nur vorübergehend und nicht in allen Filialen erhältlich. Aufgrund begrenzter Vorratsmengen kann der Artikel bereits kurz nach Öffnung ausverkauft sein. Die Abgabe erfolgt nur in haushaltsüblichen Mengen. Alle Preise ohne Deko. Druckfehler vorbehalten."}
{"supermarket": "PENNY", "brand": "WHISKAS", "product_name": "Tasty Mix", "variant": null, "pack_size": "60 x 85 g", "unit": null, "pack_count": null, "price": 15.99, "currency": "EUR", "promo_type": null, "compare_price": "1 kg = 3.14", "uvp": 16.49, "discount_pct": null, "valid_from": "2024-11-13", "valid_to": "2024-11-15", "special_validity": null, "notes": "MEGA-PACK. Dieser Artikel ist nur vorübergehend und nicht in allen Filialen erhältlich. Aufgrund begrenzter Vorratsmengen kann der Artikel bereits kurz nach Öffnung ausverkauft sein. Die Abgabe erfolgt nur in haushaltsüblichen Mengen. Alle Preise ohne Deko. Druckfehler vorbehalten."}
{"supermarket": "PENNY", "brand": "SHEBA", "product_name": "Delikatesse in Gelee", "variant": "Geflügelvariation", "pack_size": "40 x 85 g", "unit": null, "pack_count": null, "price": 15.99, "currency": "EUR", "promo_type": null, "compare_price": "1 kg = 4.70", "uvp": 16.49, "discount_pct": null, "valid_from": "2024-11-13", "valid_to": "2024-11-15", "special_validity": null, "notes": "MEGA-PACK. Dieser Artikel ist nur vorübergehend und nicht in allen Filialen erhältlich. Aufgrund begrenzter Vorratsmengen kann der Artikel bereits kurz nach Öffnung ausverkauft sein. Die Abgabe erfolgt nur in haushaltsüblichen Mengen. Alle Preise ohne Deko. Druckfehler vorbehalten."}
{"supermarket": "PENNY", "brand": "FELIX", "product_name": "So gut wie es aussieht in Gelee", "variant": "Versch. Sorten", "pack_size": "12 x 85 g", "unit": null, "pack_count": null, "price": 3.99, "currency": "EUR", "promo_type": "Preis KNALLER!", "compare_price": "1 kg = 3.91", "uvp": null, "discount_pct": null, "valid_from": "2024-11-13", "valid_to": "2024-11-15", "special_validity": null, "notes": "Dieser Artikel ist nur vorübergehend und nicht in allen Filialen erhältlich. Aufgrund begrenzter Vorratsmengen kann der Artikel bereits kurz nach Öffnung ausverkauft sein. Die Abgabe erfolgt nur in haushaltsüblichen Mengen. Alle Preise ohne Deko. Druckfehler vorbehalten."}
{"supermarket": "PENNY", "brand": "CHANTRE", "product_name": "Weinbrand", "variant": "36% vol", "pack_size": "0,7 l", "unit": null, "pack_count": null, "price": 5.77, "currency": "EUR", "promo_type": "-35%", "compare_price": "1 l = 8.24", "uvp": 8.99, "discount_pct": 35, "valid_from": "2024-11-14", "valid_to": "2024-11-15", "special_validity": null, "notes": null}
{"supermarket": "PENNY", "brand": "MARS", "product_name": "Twix", "variant": null, "pack_size": "5 x 50 g", "unit": null, "pack_count": null, "price": 1.77, "currency": "EUR", "promo_type": "-40%", "compare_price": "1 kg = 7.08", "uvp": 2.99, "discount_pct": 40, "valid_from": "2024-11-14", "valid_to": "2024-11-15", "special_validity": null, "notes": null}
{"supermarket": "PENNY", "brand": "MARS", "product_name": "Balisto", "variant": "Versch. Sorten", "pack_size": "8 x 18,5 g", "unit": null, "pack_count": null, "price": 1.77, "currency": "EUR", "promo_type": "-40%", "compare_price": "1 kg = 11.96", "uvp": 2.99, "discount_pct": 40, "valid_from": "2024-11-14", "valid_to": "2024-11-15", "special_validity": null, "notes": null}
{"supermarket": "PENNY", "brand": "BERTOLLI", "product_name": "Natives Olivenöl", "variant": "Versch. Sorten", "pack_size": "500 ml", "unit": null, "pack_count": null, "price": 5.99, "currency": "EUR", "promo_type": "Aktion", "compare_price": "1 l = 11.98", "uvp": null, "discount_pct": null, "valid_from": "2024-11-14", "valid_to": "2024-11-15", "special_validity": null, "notes": "Mit PENNY App 5.49 (1 l = 10.98)."}
{"supermarket": "PENNY", "brand": "BERTOLLI", "product_name": "Natives Olivenöl", "variant": "Versch. Sorten (mit App)", "pack_size": "500 ml", "unit": null, "pack_count": null, "price": 5.49, "currency": "EUR", "promo_type": "Sparvorteil mit der App", "compare_price": "1 l = 10.98", "uvp": null, "discount_pct": null, "valid_from": "2024-11-14", "valid_to": "2024-11-15", "special_validity": null, "notes": "Mit PENNY App. Preis gilt nur mit App."}
{"supermarket": "PENNY", "brand": "iglo", "product_name": "Backfisch-Stäbchen", "variant": "Aus 100% Filet", "pack_size": "364 g", "unit": null, "pack_count": null, "price": 2.49, "currency": "EUR", "promo_type": "-44%", "compare_price": "1 kg = 6.84", "uvp": 4.49, "discount_pct": 44, "valid_from": "2024-11-14", "valid_to": "2024-11-15", "special_validity": null, "notes": "13 Stäbchen. Finde GOLD im Gesamtwert von 179.000€."}
{"supermarket": "PENNY", "brand": "iglo", "product_name": "Backfisch-Stäbchen (mit App)", "variant": "Aus 100% Filet", "pack_size": "364 g", "unit": null, "pack_count": null, "price": 2.29, "currency": "EUR", "promo_type": "Sparvorteil mit der App, -48%", "compare_price": "1 kg = 6.29", "uvp": 4.49, "discount_pct": 48, "valid_from": "2024-11-14", "valid_to": "2024-11-15", "special_validity": null, "notes": "Mit PENNY App. Preis gilt nur mit App. 13 Stäbchen. Finde GOLD im Gesamtwert von 179.000€."}
{"supermarket": "PENNY", "brand": "iglo", "product_name": "Fischstäbchen", "variant": "Aus 100% Filet", "pack_size": "450 g", "unit": null, "pack_count": null, "price": 2.49, "currency": "EUR", "promo_type": "-44%", "compare_price": "1 kg = 5.53", "uvp": 4.49, "discount_pct": 44, "valid_from": "2024-11-14", "valid_to": "2024-11-15", "special_validity": null, "notes": "15 Stäbchen. Finde GOLD im Gesamtwert von 179.000€."}
{"supermarket": "PENNY", "brand": "iglo", "product_name": "Fischstäbchen (mit App)", "variant": "Aus 100% Filet", "pack_size": "450 g", "unit": null, "pack_count": null, "price": 2.29, "currency": "EUR", "promo_type": "Sparvorteil mit der App, -48%", "compare_price": "1 kg = 5.09", "uvp": 4.49, "discount_pct": 48, "valid_from": "2024-11-14", "valid_to": "2024-11-15", "special_validity": null, "notes": "Mit PENNY App. Preis gilt nur mit App. 15 Stäbchen. Finde GOLD im Gesamtwert von 179.000€."}
{"supermarket": "PENNY", "brand": "BARILLA", "product_name": "Pesto Rosso", "variant": null, "pack_size": "200 g", "unit": null, "pack_count": null, "price": 1.99, "currency": "EUR", "promo_type": "-42%", "compare_price": "1 kg = 9.95", "uvp": 3.49, "discount_pct": 42, "valid_from": "2024-11-14", "valid_to": "2024-11-15", "special_validity": null, "notes": null}
{"supermarket": "PENNY", "brand": "BARILLA", "product_name": "Pesto Rosso (mit App)", "variant": null, "pack_size": "200 g", "unit": null, "pack_count": null, "price": 1.79, "currency": "EUR", "promo_type": "Sparvorteil mit der App, -48%", "compare_price": "1 kg = 8.95", "uvp": 3.49, "discount_pct": 48, "valid_from": "2024-11-14", "valid_to": "2024-11-15", "special_validity": null, "notes": "Mit PENNY App. Preis gilt nur mit App."}
{"supermarket": "PENNY", "brand": "BARILLA", "product_name": "Pesto alla Genovese", "variant": null, "pack_size": "190 g", "unit": null, "pack_count": null, "price": 1.99, "currency": "EUR", "promo_type": "-42%", "compare_price": "1 kg = 10.47", "uvp": 3.49, "discount_pct": 42, "valid_from": "2024-11-14", "valid_to": "2024-11-15", "special_validity": null, "notes": null}
{"supermarket": "PENNY", "brand": "BARILLA", "product_name": "Pesto alla Genovese (mit App)", "variant": null, "pack_size": "190 g", "unit": null, "pack_count": null, "price": 1.79, "currency": "EUR", "promo_type": "Sparvorteil mit der App, -48%", "compare_price": "1 kg = 9.42", "uvp": 3.49, "discount_pct": 48, "valid_from": "2024-11-14", "valid_to": "2024-11-15", "special_validity": null, "notes": "Mit PENNY App. Preis gilt nur mit App."}
{"supermarket": "PENNY", "brand": "ZOTT", "product_name": "Sahnejoghurt", "variant": "Versch. Sorten", "pack_size": "140 g", "unit": null, "pack_count": null, "price": 0.44, "currency": "EUR", "promo_type": "-50%", "compare_price": "1 kg = 3.14", "uvp": 0.89, "discount_pct": 50, "valid_from": "2024-11-14", "valid_to": "2024-11-15", "special_validity": null, "notes": null}
{"supermarket": "PENNY", "brand": "ZOTT", "product_name": "Sahnejoghurt (mit App)", "variant": "Versch. Sorten", "pack_size": "140 g", "unit": null, "pack_count": null, "price": 0.39, "currency": "EUR", "promo_type": "Sparvorteil mit der App, -56%", "compare_price": "1 kg = 2.79", "uvp": 0.89, "discount_pct": 56, "valid_from": "2024-11-14", "valid_to": "2024-11-15", "special_validity": null, "notes": "Mit PENNY App. Preis gilt nur mit App."}
```

-----

# 
```jsonl
{"supermarket": "Penny", "brand": "Zalando", "product_name": "Geschenkkarte", "variant": "50€ Guthaben", "pack_size": null, "unit": null, "pack_count": null, "price": 42.50, "currency": "EUR", "promo_type": "Rabatt", "compare_price": null, "uvp": null, "discount_pct": 15, "valid_from": "2025-11-10", "valid_to": "2025-11-15", "special_validity": "Gültig vom 10.11. bis 16.11.2025", "notes": "² Gültig bis zu einem Einkauf von 200€. Nur in teilnehmenden Märkten, solange der Vorrat reicht, Abgabe in handelsüblichen Mengen. Geschenk- und Gutscheinkarten, Mobilfunkpakete und Kartenaufladungen sind vom Umtausch ausgeschlossen."}
{"supermarket": "Penny", "brand": "Zalando", "product_name": "Geschenkkarte", "variant": "15-150€ Guthaben", "pack_size": null, "unit": null, "pack_count": null, "price": null, "currency": "EUR", "promo_type": "Rabatt", "compare_price": null, "uvp": null, "discount_pct": 15, "valid_from": "2025-11-10", "valid_to": "2025-11-15", "special_validity": "Gültig vom 10.11. bis 16.11.2025", "notes": "² Gültig bis zu einem Einkauf von 200€. Nur in teilnehmenden Märkten, solange der Vorrat reicht, Abgabe in handelsüblichen Mengen. Geschenk- und Gutscheinkarten, Mobilfunkpakete und Kartenaufladungen sind vom Umtausch ausgeschlossen."}
{"supermarket": "Penny", "brand": null, "product_name": "Adventskerzen RUSTIK", "variant": null, "pack_size": "6er-Packung", "unit": null, "pack_count": null, "price": 5.99, "currency": "EUR", "promo_type": null, "compare_price": null, "uvp": null, "discount_pct": null, "valid_from": "2025-11-13", "valid_to": "2025-11-15", "special_validity": null, "notes": "* Dieser Artikel ist nur vorübergehend und nicht in allen Filialen erhältlich. Aufgrund begrenzter Vorratsmengen kann der Artikel bereits kurz nach Öffnung ausverkauft sein. Die Abgabe erfolgt nur in haushaltsüblichen Mengen. Alle Preise ohne Deko. Druckfehler vorbehalten."}
{"supermarket": "Penny", "brand": null, "product_name": "Adventskerzen 1, 2, 3, 4", "variant": "Versch. Motive und Farben", "pack_size": "4er-Packung", "unit": null, "pack_count": null, "price": 4.99, "currency": "EUR", "promo_type": null, "compare_price": null, "uvp": null, "discount_pct": null, "valid_from": "2025-11-13", "valid_to": "2025-11-15", "special_validity": null, "notes": "* Dieser Artikel ist nur vorübergehend und nicht in allen Filialen erhältlich. Aufgrund begrenzter Vorratsmengen kann der Artikel bereits kurz nach Öffnung ausverkauft sein. Die Abgabe erfolgt nur in haushaltsüblichen Mengen. Alle Preise ohne Deko. Druckfehler vorbehalten."}
{"supermarket": "Penny", "brand": null, "product_name": "Tiere aus Filz", "variant": "Versch. Ausführungen", "pack_size": null, "unit": "Stück", "pack_count": null, "price": 3.99, "currency": "EUR", "promo_type": "Aktion", "compare_price": null, "uvp": null, "discount_pct": null, "valid_from": "2025-11-13", "valid_to": "2025-11-15", "special_validity": null, "notes": "* Dieser Artikel ist nur vorübergehend und nicht in allen Filialen erhältlich. Aufgrund begrenzter Vorratsmengen kann der Artikel bereits kurz nach Öffnung ausverkauft sein. Die Abgabe erfolgt nur in haushaltsüblichen Mengen. Alle Preise ohne Deko. Druckfehler vorbehalten."}
{"supermarket": "Penny", "brand": null, "product_name": "LED-Türschleife", "variant": null, "pack_size": "Ca. 30 cm lang", "unit": "Stück", "pack_count": null, "price": 3.99, "currency": "EUR", "promo_type": "Aktion", "compare_price": null, "uvp": null, "discount_pct": null, "valid_from": "2025-11-13", "valid_to": "2025-11-15", "special_validity": null, "notes": "**"}
{"supermarket": "Penny", "brand": null, "product_name": "Haushaltskerzen", "variant": "Versch. Farben", "pack_size": "8er-Packung", "unit": null, "pack_count": null, "price": 2.99, "currency": "EUR", "promo_type": "Aktion", "compare_price": null, "uvp": null, "discount_pct": null, "valid_from": "2025-11-13", "valid_to": "2025-11-15", "special_validity": null, "notes": "**"}
{"supermarket": "Penny", "brand": null, "product_name": "Adventskerzen", "variant": "Versch. Farben und Ausführungen", "pack_size": null, "unit": "Packung", "pack_count": null, "price": 4.99, "currency": "EUR", "promo_type": "Aktion", "compare_price": null, "uvp": null, "discount_pct": null, "valid_from": "2025-11-13", "valid_to": "2025-11-15", "special_validity": null, "notes": "**"}
{"supermarket": "Penny", "brand": null, "product_name": "Weihnachts-Deko", "variant": "Versch. Ausführungen, Zum Hängen oder Stellen", "pack_size": null, "unit": "Stück/Packung", "pack_count": null, "price": 1.99, "currency": "EUR", "promo_type": "Aktion", "compare_price": null, "uvp": null, "discount_pct": null, "valid_from": "2025-11-13", "valid_to": "2025-11-15", "special_validity": null, "notes": "* Dieser Artikel ist nur vorübergehend und nicht in allen Filialen erhältlich. Aufgrund begrenzter Vorratsmengen kann der Artikel bereits kurz nach Öffnung ausverkauft sein. Die Abgabe erfolgt nur in haushaltsüblichen Mengen. Alle Preise ohne Deko. Druckfehler vorbehalten."}
{"supermarket": "Penny", "brand": null, "product_name": "LED-Stern-Lichterkette", "variant": "Drei Sterne in unterschiedlicher Höhe, Warmweißes Licht, Batteriebetrieben", "pack_size": null, "unit": "Stück", "pack_count": null, "price": 7.99, "currency": "EUR", "promo_type": "Aktion", "compare_price": null, "uvp": null, "discount_pct": null, "valid_from": "2025-11-13", "valid_to": "2025-11-15", "special_validity": null, "notes": "**"}
{"supermarket": "Penny", "brand": null, "product_name": "Tafelkerzen", "variant": "Set aus 5 Kerzen und 1 Kerzenhalter", "pack_size": null, "unit": "Set", "pack_count": null, "price": 2.99, "currency": "EUR", "promo_type": "Aktion", "compare_price": null, "uvp": null, "discount_pct": null, "valid_from": "2025-11-13", "valid_to": "2025-11-15", "special_validity": null, "notes": "**"}
{"supermarket": "Penny", "brand": null, "product_name": "LED-Echtwachskerzen", "variant": "Mit Timer", "pack_size": "3er-Set", "unit": "Set", "pack_count": null, "price": 9.99, "currency": "EUR", "promo_type": "Aktion", "compare_price": null, "uvp": null, "discount_pct": null, "valid_from": "2025-11-13", "valid_to": "2025-11-15", "special_validity": null, "notes": "**"}
{"supermarket": "Penny", "brand": null, "product_name": "LED-Deko-Bäume-Set", "variant": "Aus Acryl, Ca. 11 cm und 18 cm hoch", "pack_size": null, "unit": "Set", "pack_count": null, "price": 4.99, "currency": "EUR", "promo_type": "Aktion", "compare_price": null, "uvp": null, "discount_pct": null, "valid_from": "2025-11-13", "valid_to": "2025-11-15", "special_validity": null, "notes": "**"}
{"supermarket": "Penny", "brand": null, "product_name": "Mini-Wichtel", "variant": "Zum Hängen", "pack_size": null, "unit": "Stück", "pack_count": null, "price": 1.49, "currency": "EUR", "promo_type": "Aktion", "compare_price": null, "uvp": null, "discount_pct": null, "valid_from": "2025-11-13", "valid_to": "2025-11-15", "special_validity": null, "notes": "* Dieser Artikel ist nur vorübergehend und nicht in allen Filialen erhältlich. Aufgrund begrenzter Vorratsmengen kann der Artikel bereits kurz nach Öffnung ausverkauft sein. Die Abgabe erfolgt nur in haushaltsüblichen Mengen. Alle Preise ohne Deko. Druckfehler vorbehalten."}
{"supermarket": "Penny", "brand": null, "product_name": "3-fach-Steckdosenleiste Holzoptik", "variant": null, "pack_size": null, "unit": "Stück", "pack_count": null, "price": 5.99, "currency": "EUR", "promo_type": "Aktion", "compare_price": null, "uvp": null, "discount_pct": null, "valid_from": "2025-11-13", "valid_to": "2025-11-15", "special_validity": null, "notes": "* Dieser Artikel ist nur vorübergehend und nicht in allen Filialen erhältlich. Aufgrund begrenzter Vorratsmengen kann der Artikel bereits kurz nach Öffnung ausverkauft sein. Die Abgabe erfolgt nur in haushaltsüblichen Mengen. Alle Preise ohne Deko. Druckfehler vorbehalten."}
{"supermarket": "Penny", "brand": null, "product_name": "4-fach-Steckdosenleiste Holzoptik", "variant": null, "pack_size": null, "unit": "Stück", "pack_count": null, "price": 6.49, "currency": "EUR", "promo_type": "Aktion", "compare_price": null, "uvp": null, "discount_pct": null, "valid_from": "2025-11-13", "valid_to": "2025-11-15", "special_validity": null, "notes": "* Dieser Artikel ist nur vorübergehend und nicht in allen Filialen erhältlich. Aufgrund begrenzter Vorratsmengen kann der Artikel bereits kurz nach Öffnung ausverkauft sein. Die Abgabe erfolgt nur in haushaltsüblichen Mengen. Alle Preise ohne Deko. Druckfehler vorbehalten."}
{"supermarket": "Penny", "brand": null, "product_name": "6-fach-Steckdosenleiste Holzoptik", "variant": null, "pack_size": null, "unit": "Stück", "pack_count": null, "price": 6.99, "currency": "EUR", "promo_type": "Aktion", "compare_price": null, "uvp": null, "discount_pct": null, "valid_from": "2025-11-13", "valid_to": "2025-11-15", "special_validity": null, "notes": "* Dieser Artikel ist nur vorübergehend und nicht in allen Filialen erhältlich. Aufgrund begrenzter Vorratsmengen kann der Artikel bereits kurz nach Öffnung ausverkauft sein. Die Abgabe erfolgt nur in haushaltsüblichen Mengen. Alle Preise ohne Deko. Druckfehler vorbehalten."}
{"supermarket": "Penny", "brand": null, "product_name": "4-fach-Steckdosenleiste", "variant": "grün", "pack_size": null, "unit": "Stück", "pack_count": null, "price": 4.99, "currency": "EUR", "promo_type": "Aktion", "compare_price": null, "uvp": null, "discount_pct": null, "valid_from": "2025-11-13", "valid_to": "2025-11-15", "special_validity": null, "notes": "* Dieser Artikel ist nur vorübergehend und nicht in allen Filialen erhältlich. Aufgrund begrenzter Vorratsmengen kann der Artikel bereits kurz nach Öffnung ausverkauft sein. Die Abgabe erfolgt nur in haushaltsüblichen Mengen. Alle Preise ohne Deko. Druckfehler vorbehalten."}
{"supermarket": "Penny", "brand": null, "product_name": "6-fach-Steckdosenleiste", "variant": "grün", "pack_size": null, "unit": "Stück", "pack_count": null, "price": 5.99, "currency": "EUR", "promo_type": "Aktion", "compare_price": null, "uvp": null, "discount_pct": null, "valid_from": "2025-11-13", "valid_to": "2025-11-15", "special_validity": null, "notes": "* Dieser Artikel ist nur vorübergehend und nicht in allen Filialen erhältlich. Aufgrund begrenzter Vorratsmengen kann der Artikel bereits kurz nach Öffnung ausverkauft sein. Die Abgabe erfolgt nur in haushaltsüblichen Mengen. Alle Preise ohne Deko. Druckfehler vorbehalten."}
{"supermarket": "Penny", "brand": null, "product_name": "5-fach-Steckdosenleiste", "variant": "outdoor", "pack_size": null, "unit": "Stück", "pack_count": null, "price": 12.99, "currency": "EUR", "promo_type": "Aktion", "compare_price": null, "uvp": null, "discount_pct": null, "valid_from": "2025-11-13", "valid_to": "2025-11-15", "special_validity": null, "notes": "* Dieser Artikel ist nur vorübergehend und nicht in allen Filialen erhältlich. Aufgrund begrenzter Vorratsmengen kann der Artikel bereits kurz nach Öffnung ausverkauft sein. Die Abgabe erfolgt nur in haushaltsüblichen Mengen. Alle Preise ohne Deko. Druckfehler vorbehalten."}
{"supermarket": "Penny", "brand": null, "product_name": "Zeitschaltuhren", "variant": null, "pack_size": "2er-Packung", "unit": "Packung", "pack_count": null, "price": 9.99, "currency": "EUR", "promo_type": "Aktion", "compare_price": null, "uvp": null, "discount_pct": null, "valid_from": "2025-11-13", "valid_to": "2025-11-15", "special_validity": null, "notes": "* Dieser Artikel ist nur vorübergehend und nicht in allen Filialen erhältlich. Aufgrund begrenzter Vorratsmengen kann der Artikel bereits kurz nach Öffnung ausverkauft sein. Die Abgabe erfolgt nur in haushaltsüblichen Mengen. Alle Preise ohne Deko. Druckfehler vorbehalten."}
{"supermarket": "Penny", "brand": null, "product_name": "3-fach-Adapterstecker", "variant": null, "pack_size": "2er-Packung", "unit": "Packung", "pack_count": null, "price": 2.99, "currency": "EUR", "promo_type": "Aktion", "compare_price": null, "uvp": null, "discount_pct": null, "valid_from": "2025-11-13", "valid_to": "2025-11-15", "special_validity": null, "notes": "* Dieser Artikel ist nur vorübergehend und nicht in allen Filialen erhältlich. Aufgrund begrenzter Vorratsmengen kann der Artikel bereits kurz nach Öffnung ausverkauft sein. Die Abgabe erfolgt nur in haushaltsüblichen Mengen. Alle Preise ohne Deko. Druckfehler vorbehalten."}
{"supermarket": "Penny", "brand": null, "product_name": "Steckdosen-Adapter", "variant": null, "pack_size": null, "unit": "Stück", "pack_count": null, "price": 2.49, "currency": "EUR", "promo_type": "Aktion", "compare_price": null, "uvp": null, "discount_pct": null, "valid_from": "2025-11-13", "valid_to": "2025-11-15", "special_validity": null, "notes": "* Dieser Artikel ist nur vorübergehend und nicht in allen Filialen erhältlich. Aufgrund begrenzter Vorratsmengen kann der Artikel bereits kurz nach Öffnung ausverkauft sein. Die Abgabe erfolgt nur in haushaltsüblichen Mengen. Alle Preise ohne Deko. Druckfehler vorbehalten."}
{"supermarket": "Penny", "brand": null, "product_name": "Fensterbild XXL", "variant": "Versch. weihnachtliche Motive, Selbstklebend, Wiederverwendbar", "pack_size": null, "unit": "Stück/Packung", "pack_count": null, "price": 2.99, "currency": "EUR", "promo_type": "Aktion", "compare_price": null, "uvp": null, "discount_pct": null, "valid_from": "2025-11-13", "valid_to": "2025-11-15", "special_validity": null, "notes": "* Dieser Artikel ist nur vorübergehend und nicht in allen Filialen erhältlich. Aufgrund begrenzter Vorratsmengen kann der Artikel bereits kurz nach Öffnung ausverkauft sein. Die Abgabe erfolgt nur in haushaltsüblichen Mengen. Alle Preise ohne Deko. Druckfehler vorbehalten."}
{"supermarket": "Penny", "brand": null, "product_name": "LED-Deko-Tannen-Set", "variant": "Aus Keramik, Inkl. Batterien, Warmweißes Licht", "pack_size": null, "unit": "Set", "pack_count": null, "price": 5.99, "currency": "EUR", "promo_type": "Aktion", "compare_price": null, "uvp": null, "discount_pct": null, "valid_from": "2025-11-13", "valid_to": "2025-11-15", "special_validity": null, "notes": "**"}
{"supermarket": "Penny", "brand": null, "product_name": "LED-Deko-Häuser-Set", "variant": "Aus Keramik, Warmweißes Licht, Je ca. 9 cm hoch, Inkl. Batterien", "pack_size": null, "unit": "Set", "pack_count": null, "price": 5.99, "currency": "EUR", "promo_type": "Aktion", "compare_price": null, "uvp": null, "discount_pct": null, "valid_from": "2025-11-13", "valid_to": "2025-11-15", "special_validity": null, "notes": "**"}
{"supermarket": "Penny", "brand": null, "product_name": "Geschirrtücher", "variant": "100% Baumwolle, Weihnachtliche Designs, ca. B 50 x L 70 cm", "pack_size": "3er-Packung", "unit": null, "pack_count": null, "price": 3.99, "currency": "EUR", "promo_type": "Aktion", "compare_price": null, "uvp": null, "discount_pct": null, "valid_from": "2025-11-13", "valid_to": "2025-11-15", "special_validity": null, "notes": "* Dieser Artikel ist nur vorübergehend und nicht in allen Filialen erhältlich. Aufgrund begrenzter Vorratsmengen kann der Artikel bereits kurz nach Öffnung ausverkauft sein. Die Abgabe erfolgt nur in haushaltsüblichen Mengen. Alle Preise ohne Deko. Druckfehler vorbehalten."}
{"supermarket": "Penny", "brand": null, "product_name": "Stuhlhusse", "variant": "Elastische Passform, Weiche Bouclé-Optik", "pack_size": null, "unit": "Stück", "pack_count": null, "price": 5.99, "currency": "EUR", "promo_type": null, "compare_price": null, "uvp": null, "discount_pct": null, "valid_from": "2025-11-13", "valid_to": "2025-11-15", "special_validity": null, "notes": "**"}
{"supermarket": "Penny", "brand": null, "product_name": "Weihnachtliche Jacquard-Deko-Serie, Tischläufer", "variant": "ca. B 40 x L 140 cm", "pack_size": null, "unit": "Stück", "pack_count": null, "price": 4.99, "currency": "EUR", "promo_type": "Aktion", "compare_price": null, "uvp": null, "discount_pct": null, "valid_from": "2025-11-13", "valid_to": "2025-11-15", "special_validity": null, "notes": "* Dieser Artikel ist nur vorübergehend und nicht in allen Filialen erhältlich. Aufgrund begrenzter Vorratsmengen kann der Artikel bereits kurz nach Öffnung ausverkauft sein. Die Abgabe erfolgt nur in haushaltsüblichen Mengen. Alle Preise ohne Deko. Druckfehler vorbehalten."}
{"supermarket": "Penny", "brand": null, "product_name": "Weihnachtliche Jacquard-Deko-Serie, Tischsets", "variant": "je ca. B 35 x L 45 cm", "pack_size": "2er-Packung", "unit": "Packung", "pack_count": null, "price": 4.99, "currency": "EUR", "promo_type": "Aktion", "compare_price": null, "uvp": null, "discount_pct": null, "valid_from": "2025-11-13", "valid_to": "2025-11-15", "special_validity": null, "notes": "* Dieser Artikel ist nur vorübergehend und nicht in allen Filialen erhältlich. Aufgrund begrenzter Vorratsmengen kann der Artikel bereits kurz nach Öffnung ausverkauft sein. Die Abgabe erfolgt nur in haushaltsüblichen Mengen. Alle Preise ohne Deko. Druckfehler vorbehalten."}
{"supermarket": "Penny", "brand": null, "product_name": "Weihnachtliche Jacquard-Deko-Serie, Deko-Kissen", "variant": "ca. B 38 x L 38 cm", "pack_size": null, "unit": "Stück", "pack_count": null, "price": 5.99, "currency": "EUR", "promo_type": "Aktion", "compare_price": null, "uvp": null, "discount_pct": null, "valid_from": "2025-11-13", "valid_to": "2025-11-15", "special_validity": null, "notes": "* Dieser Artikel ist nur vorübergehend und nicht in allen Filialen erhältlich. Aufgrund begrenzter Vorratsmengen kann der Artikel bereits kurz nach Öffnung ausverkauft sein. Die Abgabe erfolgt nur in haushaltsüblichen Mengen. Alle Preise ohne Deko. Druckfehler vorbehalten."}
{"supermarket": "Penny", "brand": "tiptoi", "product_name": "Buch", "variant": "Pferde und Ponys", "pack_size": null, "unit": "Stück", "pack_count": null, "price": 9.99, "currency": "EUR", "promo_type": "ab", "compare_price": null, "uvp": null, "discount_pct": null, "valid_from": "2025-11-13", "valid_to": "2025-11-15", "special_validity": null, "notes": "**"}
{"supermarket": "Penny", "brand": "tiptoi", "product_name": "Buch", "variant": "Unsere Jahreszeiten", "pack_size": null, "unit": "Stück", "pack_count": null, "price": 19.99, "currency": "EUR", "promo_type": "ab", "compare_price": null, "uvp": null, "discount_pct": null, "valid_from": "2025-11-13", "valid_to": "2025-11-15", "special_validity": null, "notes": "** u. v. m."}
{"supermarket": "Penny", "brand": "Disney, Ravensburger", "product_name": "Memory Collector's Edition", "variant": "64-teilige", "pack_size": null, "unit": "Stück", "pack_count": null, "price": 9.99, "currency": "EUR", "promo_type": "Aktion", "compare_price": null, "uvp": 19.99, "discount_pct": null, "valid_from": "2025-11-13", "valid_to": "2025-11-15", "special_validity": null, "notes": "* Dieser Artikel ist nur vorübergehend und nicht in allen Filialen erhältlich. Aufgrund begrenzter Vorratsmengen kann der Artikel bereits kurz nach Öffnung ausverkauft sein. Die Abgabe erfolgt nur in haushaltsüblichen Mengen. Alle Preise ohne Deko. Druckfehler vorbehalten."}
{"supermarket": "Penny", "brand": "Disney, Ravensburger", "product_name": "Verrücktes Labyrinth", "variant": null, "pack_size": null, "unit": "Stück", "pack_count": null, "price": 19.99, "currency": "EUR", "promo_type": null, "compare_price": null, "uvp": 36.99, "discount_pct": null, "valid_from": "2025-11-13", "valid_to": "2025-11-15", "special_validity": null, "notes": "* Dieser Artikel ist nur vorübergehend und nicht in allen Filialen erhältlich. Aufgrund begrenzter Vorratsmengen kann der Artikel bereits kurz nach Öffnung ausverkauft sein. Die Abgabe erfolgt nur in haushaltsüblichen Mengen. Alle Preise ohne Deko. Druckfehler vorbehalten."}
{"supermarket": "Penny", "brand": "Stitch, Ravensburger", "product_name": "Rundes Puzzle", "variant": "500-teiliges", "pack_size": null, "unit": "Stück", "pack_count": null, "price": 9.99, "currency": "EUR", "promo_type": null, "compare_price": null, "uvp": 15.99, "discount_pct": null, "valid_from": "2025-11-13", "valid_to": "2025-11-15", "special_validity": null, "notes": "* Dieser Artikel ist nur vorübergehend und nicht in allen Filialen erhältlich. Aufgrund begrenzter Vorratsmengen kann der Artikel bereits kurz nach Öffnung ausverkauft sein. Die Abgabe erfolgt nur in haushaltsüblichen Mengen. Alle Preise ohne Deko. Druckfehler vorbehalten., o. Abb."}
{"supermarket": "Penny", "brand": "Stitch, Ravensburger", "product_name": "Memory", "variant": "64-teiliges", "pack_size": null, "unit": "Stück", "pack_count": null, "price": 9.99, "currency": "EUR", "promo_type": null, "compare_price": null, "uvp": 17.99, "discount_pct": null, "valid_from": "2025-11-13", "valid_to": "2025-11-15", "special_validity": null, "notes": "* Dieser Artikel ist nur vorübergehend und nicht in allen Filialen erhältlich. Aufgrund begrenzter Vorratsmengen kann der Artikel bereits kurz nach Öffnung ausverkauft sein. Die Abgabe erfolgt nur in haushaltsüblichen Mengen. Alle Preise ohne Deko. Druckfehler vorbehalten., o. Abb."}
{"supermarket": "Penny", "brand": "Ravensburger", "product_name": "Puzzle", "variant": "1.000-Teile, versch. Themen", "pack_size": null, "unit": "Stück", "pack_count": null, "price": 9.99, "currency": "EUR", "promo_type": null, "compare_price": null, "uvp": 16.99, "discount_pct": null, "valid_from": "2025-11-13", "valid_to": "2025-11-15", "special_validity": null, "notes": "**"}
{"supermarket": "Penny", "brand": "Ravensburger", "product_name": "PuzzlePad® Roll & Go", "variant": "für bis zu 1.500 Teile", "pack_size": null, "unit": "Stück", "pack_count": null, "price": 12.99, "currency": "EUR", "promo_type": null, "compare_price": null, "uvp": 19.99, "discount_pct": null, "valid_from": "2025-11-13", "valid_to": "2025-11-15", "special_validity": null, "notes": "**"}
{"supermarket": "Penny", "brand": "Super Mario, Ravensburger", "product_name": "Malefiz Barricade", "variant": null, "pack_size": null, "unit": "Stück", "pack_count": null, "price": 4.99, "currency": "EUR", "promo_type": "Aktion", "compare_price": null, "uvp": 7.99, "discount_pct": null, "valid_from": "2025-11-13", "valid_to": "2025-11-15", "special_validity": null, "notes": "* Dieser Artikel ist nur vorübergehend und nicht in allen Filialen erhältlich. Aufgrund begrenzter Vorratsmengen kann der Artikel bereits kurz nach Öffnung ausverkauft sein. Die Abgabe erfolgt nur in haushaltsüblichen Mengen. Alle Preise ohne Deko. Druckfehler vorbehalten."}
{"supermarket": "Penny", "brand": "Pokémon, Ravensburger", "product_name": "3D-Puzzle-Ball", "variant": null, "pack_size": null, "unit": "Stück", "pack_count": null, "price": 7.99, "currency": "EUR", "promo_type": null, "compare_price": null, "uvp": 11.99, "discount_pct": null, "valid_from": "2025-11-13", "valid_to": "2025-11-15", "special_validity": null, "notes": "* Dieser Artikel ist nur vorübergehend und nicht in allen Filialen erhältlich. Aufgrund begrenzter Vorratsmengen kann der Artikel bereits kurz nach Öffnung ausverkauft sein. Die Abgabe erfolgt nur in haushaltsüblichen Mengen. Alle Preise ohne Deko. Druckfehler vorbehalten."}
{"supermarket": "Penny", "brand": "Ravensburger", "product_name": "Puzzle im XXL-Format", "variant": "versch. Themen", "pack_size": null, "unit": "Stück", "pack_count": null, "price": 9.99, "currency": "EUR", "promo_type": null, "compare_price": null, "uvp": 13.99, "discount_pct": null, "valid_from": "2025-11-13", "valid_to": "2025-11-15", "special_validity": null, "notes": "* Dieser Artikel ist nur vorübergehend und nicht in allen Filialen erhältlich. Aufgrund begrenzter Vorratsmengen kann der Artikel bereits kurz nach Öffnung ausverkauft sein. Die Abgabe erfolgt nur in haushaltsüblichen Mengen. Alle Preise ohne Deko. Druckfehler vorbehalten., o. Abb."}
{"supermarket": "Penny", "brand": "HAPPY PEOPLE", "product_name": "Stall mit zwei Einhörnern u. m.", "variant": "Inkl. Weidezaun und Pflegezubehör, Ca. H 14 x B 22 x T 13 cm", "pack_size": null, "unit": "Set", "pack_count": null, "price": 4.99, "currency": "EUR", "promo_type": "Aktion", "compare_price": null, "uvp": null, "discount_pct": null, "valid_from": "2025-11-13", "valid_to": "2025-11-15", "special_validity": null, "notes": "* Dieser Artikel ist nur vorübergehend und nicht in allen Filialen erhältlich. Aufgrund begrenzter Vorratsmengen kann der Artikel bereits kurz nach Öffnung ausverkauft sein. Die Abgabe erfolgt nur in haushaltsüblichen Mengen. Alle Preise ohne Deko. Druckfehler vorbehalten."}
{"supermarket": "Penny", "brand": null, "product_name": "Schmink-Set BONBON", "variant": "Mit Spiegel, Lidschatten, Lipgloss u. v. m., Ca. H 6 x B 32 x T 28 cm", "pack_size": null, "unit": "Set", "pack_count": null, "price": 4.99, "currency": "EUR", "promo_type": "Aktion", "compare_price": null, "uvp": 16.99, "discount_pct": null, "valid_from": "2025-11-13", "valid_to": "2025-11-15", "special_validity": null, "notes": "* Dieser Artikel ist nur vorübergehend und nicht in allen Filialen erhältlich. Aufgrund begrenzter Vorratsmengen kann der Artikel bereits kurz nach Öffnung ausverkauft sein. Die Abgabe erfolgt nur in haushaltsüblichen Mengen. Alle Preise ohne Deko. Druckfehler vorbehalten."}
{"supermarket": "Penny", "brand": "Steffi LOVE, Simba", "product_name": "Spiel-Set Einhorn mit Steffi", "variant": "Einhorn mit leuchtendem Horn und Steffi-Puppe, Einhorn ca. H 27 x L 25 x B 8,5 cm, Steffi ca. 32,5 cm hoch, Inkl. Zubehör", "pack_size": null, "unit": "Set", "pack_count": null, "price": 19.99, "currency": "EUR", "promo_type": "Aktion", "compare_price": null, "uvp": 44.99, "discount_pct": 55, "valid_from": "2025-11-13", "valid_to": "2025-11-15", "special_validity": null, "notes": "* Dieser Artikel ist nur vorübergehend und nicht in allen Filialen erhältlich. Aufgrund begrenzter Vorratsmengen kann der Artikel bereits kurz nach Öffnung ausverkauft sein. Die Abgabe erfolgt nur in haushaltsüblichen Mengen. Alle Preise ohne Deko. Druckfehler vorbehalten."}
{"supermarket": "Penny", "brand": "Simba, ART&FUN CREATIVE", "product_name": "Malbuch mit Wasserpinsel", "variant": "Inkl. Spielfigur, Dino, Safari oder Farm", "pack_size": null, "unit": "Stück", "pack_count": null, "price": 3.99, "currency": "EUR", "promo_type": "Aktion", "compare_price": null, "uvp": 5.99, "discount_pct": 33, "valid_from": "2025-11-13", "valid_to": "2025-11-15", "special_validity": null, "notes": "**"}
{"supermarket": "Penny", "brand": "camprèlla", "product_name": "Kinder-Hausschuhe", "variant": "Softe Decksohle mit kuscheligem Plüsch, Leichte, flexible Soft-Phylonsohle, Größen: 30/31-34/35", "pack_size": null, "unit": "Paar", "pack_count": null, "price": 6.99, "currency": "EUR", "promo_type": "Aktion", "compare_price": null, "uvp": null, "discount_pct": null, "valid_from": "2025-11-13", "valid_to": "2025-11-15", "special_validity": null, "notes": "**"}
{"supermarket": "Penny", "brand": "camprèlla", "product_name": "Kinder-Hausschuhe", "variant": "Softe Decksohle mit kuscheligem Plüsch, Leichte, flexible Soft-Phylonsohle, Größen: 30/31-34/35", "pack_size": null, "unit": "Paar", "pack_count": null, "price": 6.39, "currency": "EUR", "promo_type": "App-Preis", "compare_price": null, "uvp": null, "discount_pct": null, "valid_from": "2025-11-13", "valid_to": "2025-11-15", "special_validity": null, "notes": "** Nur mit App"}
{"supermarket": "Penny", "brand": "siku", "product_name": "Spielfahrzeuge-Geschenk-Set", "variant": "Hochwertiges Metall, Detailgetreues Design, Versch. Ausführungen", "pack_size": "3-teilig", "unit": "Set", "pack_count": null, "price": 7.99, "currency": "EUR", "promo_type": "Aktion", "compare_price": null, "uvp": 9.99, "discount_pct": 20, "valid_from": "2025-11-13", "valid_to": "2025-11-15", "special_validity": null, "notes": "* Dieser Artikel ist nur vorübergehend und nicht in allen Filialen erhältlich. Aufgrund begrenzter Vorratsmengen kann der Artikel bereits kurz nach Öffnung ausverkauft sein. Die Abgabe erfolgt nur in haushaltsüblichen Mengen. Alle Preise ohne Deko. Druckfehler vorbehalten."}
{"supermarket": "Penny", "brand": "tonies", "product_name": "Hörfigur für die Toniebox", "variant": "Skye PAW Patrol - Der Delfin-Freund", "pack_size": null, "unit": "Stück", "pack_count": null, "price": 12.99, "currency": "EUR", "promo_type": "TOP! DEAL.", "compare_price": null, "uvp": 16.99, "discount_pct": 23, "valid_from": "2025-11-13", "valid_to": "2025-11-15", "special_validity": null, "notes": "** Auch kompatibel mit Toniebox 2"}
{"supermarket": "Penny", "brand": "tonies", "product_name": "Hörfigur für die Toniebox", "variant": "Rocky PAW Patrol - Die Hundeschau", "pack_size": null, "unit": "Stück", "pack_count": null, "price": 12.99, "currency": "EUR", "promo_type": "TOP! DEAL.", "compare_price": null, "uvp": 16.99, "discount_pct": 23, "valid_from": "2025-11-13", "valid_to": "2025-11-15", "special_validity": null, "notes": "** Auch kompatibel mit Toniebox 2"}
{"supermarket": "Penny", "brand": "tonies", "product_name": "Hörfigur für die Toniebox", "variant": "Peppa Pig - Meine Geburtstagsparty", "pack_size": null, "unit": "Stück", "pack_count": null, "price": 12.99, "currency": "EUR", "promo_type": "TOP! DEAL.", "compare_price": null, "uvp": 16.99, "discount_pct": 23, "valid_from": "2025-11-13", "valid_to": "2025-11-15", "special_validity": null, "notes": "** Auch kompatibel mit Toniebox 2"}
{"supermarket": "Penny", "brand": "tonies, Disney", "product_name": "Hörfigur für die Toniebox", "variant": "Lilo & Stitch", "pack_size": null, "unit": "Stück", "pack_count": null, "price": 12.99, "currency": "EUR", "promo_type": "TOP! DEAL.", "compare_price": null, "uvp": 16.99, "discount_pct": 23, "valid_from": "2025-11-13", "valid_to": "2025-11-15", "special_validity": null, "notes": "** Auch kompatibel mit Toniebox 2"}
{"supermarket": "Penny", "brand": "tonies, Disney", "product_name": "Hörfigur für die Toniebox", "variant": "Vaiana 2", "pack_size": null, "unit": "Stück", "pack_count": null, "price": 12.99, "currency": "EUR", "promo_type": "TOP! DEAL.", "compare_price": null, "uvp": 16.99, "discount_pct": 23, "valid_from": "2025-11-13", "valid_to": "2025-11-15", "special_validity": null, "notes": "** Auch kompatibel mit Toniebox 2"}
{"supermarket": "Penny", "brand": "tonies, Schlummerbande", "product_name": "Hörfigur für die Toniebox", "variant": "Schlummeroktopus: Eine Gutenachtgeschichte aus dem Ozean", "pack_size": null, "unit": "Stück", "pack_count": null, "price": 12.99, "currency": "EUR", "promo_type": "TOP! DEAL.", "compare_price": null, "uvp": 16.99, "discount_pct": 23, "valid_from": "2025-11-13", "valid_to": "2025-11-15", "special_validity": null, "notes": "** Auch kompatibel mit Toniebox 2"}
{"supermarket": "Penny", "brand": "tonies", "product_name": "Toniebox", "variant": "Kinderleichte Bedienung, Mit Kopfhöreranschluss, Robust und langlebig, Inkl. Kreativ-Tonie", "pack_size": null, "unit": "Stück", "pack_count": null, "price": 69.99, "currency": "EUR", "promo_type": "TOP! DEAL.", "compare_price": null, "uvp": 99.99, "discount_pct": 30, "valid_from": "2025-11-13", "valid_to": "2025-11-15", "special_validity": null, "notes": "** Weitere Farbe"}
{"supermarket": "Penny", "brand": null, "product_name": "Audioboxregal", "variant": "Für eine Audiobox und bis zu 15 Lieblingsfiguren, Zum Hängen oder Stellen, Abgerundete Regalböden, Starke, eingelassene Magnete", "pack_size": null, "unit": "Stück", "pack_count": null, "price": 19.99, "currency": "EUR", "promo_type": null, "compare_price": null, "uvp": 39.99, "discount_pct": 50, "valid_from": "2025-11-13", "valid_to": "2025-11-15", "special_validity": null, "notes": "* Dieser Artikel ist nur vorübergehend und nicht in allen Filialen erhältlich. Aufgrund begrenzter Vorratsmengen kann der Artikel bereits kurz nach Öffnung ausverkauft sein. Die Abgabe erfolgt nur in haushaltsüblichen Mengen. Alle Preise ohne Deko. Druckfehler vorbehalten."}
{"supermarket": "Penny", "brand": "Funko POP!", "product_name": "Kultfigur zum Sammeln", "variant": "Ca. 9 cm hoch, Versch. Ausführungen", "pack_size": null, "unit": "Stück", "pack_count": null, "price": 9.99, "currency": "EUR", "promo_type": "TOP! DEAL.", "compare_price": null, "uvp": 16.00, "discount_pct": 37, "valid_from": "2025-11-13", "valid_to": "2025-11-15", "special_validity": null, "notes": "**"}
{"supermarket": "Penny", "brand": "Jada, Minecraft, NANO METALFIGS", "product_name": "Figuren-Set CAVE & CLIFFS", "variant": "Diecast-Metall-Nano-Figuren, Zum Spielen und Sammeln, Je ca. 4 cm hoch", "pack_size": "18-teilig", "unit": "Set", "pack_count": null, "price": 19.99, "currency": "EUR", "promo_type": "TOP! DEAL.", "compare_price": null, "uvp": 34.99, "discount_pct": 42, "valid_from": "2025-11-13", "valid_to": "2025-11-15", "special_validity": null, "notes": "* Dieser Artikel ist nur vorübergehend und nicht in allen Filialen erhältlich. Aufgrund begrenzter Vorratsmengen kann der Artikel bereits kurz nach Öffnung ausverkauft sein. Die Abgabe erfolgt nur in haushaltsüblichen Mengen. Alle Preise ohne Deko. Druckfehler vorbehalten."}
{"supermarket": "Penny", "brand": "KÄRCHER", "product_name": "Fenstersauger KWI 1 PLUS", "variant": "Für streifenfrei saubere Fenster, spart Zeit und Mühe, Inkl. Sprühflasche mit Mikrofaserwischbezug und 20 ml Fensterreinigerkonzentrat", "pack_size": null, "unit": "Stück", "pack_count": null, "price": 39.99, "currency": "EUR", "promo_type": null, "compare_price": null, "uvp": 59.99, "discount_pct": 33, "valid_from": "2025-11-13", "valid_to": "2025-11-15", "special_validity": null, "notes": "* Dieser Artikel ist nur vorübergehend und nicht in allen Filialen erhältlich. Aufgrund begrenzter Vorratsmengen kann der Artikel bereits kurz nach Öffnung ausverkauft sein. Die Abgabe erfolgt nur in haushaltsüblichen Mengen. Alle Preise ohne Deko. Druckfehler vorbehalten."}
{"supermarket": "Penny", "brand": "KÄRCHER", "product_name": "Mikrofaserwischbezüge", "variant": null, "pack_size": "2er-Packung", "unit": "Packung", "pack_count": null, "price": 7.99, "currency": "EUR", "promo_type": null, "compare_price": null, "uvp": 12.99, "discount_pct": null, "valid_from": "2025-11-13", "valid_to": "2025-11-15", "special_validity": null, "notes": "* Dieser Artikel ist nur vorübergehend und nicht in allen Filialen erhältlich. Aufgrund begrenzter Vorratsmengen kann der Artikel bereits kurz nach Öffnung ausverkauft sein. Die Abgabe erfolgt nur in haushaltsüblichen Mengen. Alle Preise ohne Deko. Druckfehler vorbehalten."}
{"supermarket": "Penny", "brand": "KÄRCHER", "product_name": "Abziehlippen", "variant": null, "pack_size": "2er-Packung", "unit": "Packung", "pack_count": null, "price": 7.99, "currency": "EUR", "promo_type": null, "compare_price": null, "uvp": 11.99, "discount_pct": null, "valid_from": "2025-11-13", "valid_to": "2025-11-15", "special_validity": null, "notes": "* Dieser Artikel ist nur vorübergehend und nicht in allen Filialen erhältlich. Aufgrund begrenzter Vorratsmengen kann der Artikel bereits kurz nach Öffnung ausverkauft sein. Die Abgabe erfolgt nur in haushaltsüblichen Mengen. Alle Preise ohne Deko. Druckfehler vorbehalten."}
{"supermarket": "Penny", "brand": "KÄRCHER", "product_name": "Glasreinigerkonzentrat", "variant": null, "pack_size": "500-ml-Flasche", "unit": "Flasche", "pack_count": null, "price": 3.99, "currency": "EUR", "promo_type": null, "compare_price": "1 l = 7.98", "uvp": 8.99, "discount_pct": null, "valid_from": "2025-11-13", "valid_to": "2025-11-15", "special_validity": null, "notes": "* Dieser Artikel ist nur vorübergehend und nicht in allen Filialen erhältlich. Aufgrund begrenzter Vorratsmengen kann der Artikel bereits kurz nach Öffnung ausverkauft sein. Die Abgabe erfolgt nur in haushaltsüblichen Mengen. Alle Preise ohne Deko. Druckfehler vorbehalten."}
{"supermarket": "Penny", "brand": "Swiffer DUSTER", "product_name": "Staubmagnet-Starter-Set", "variant": null, "pack_size": "Inkl. 3 Tüchern", "unit": "Set", "pack_count": null, "price": 3.99, "currency": "EUR", "promo_type": null, "compare_price": null, "uvp": null, "discount_pct": null, "valid_from": "2025-11-13", "valid_to": "2025-11-15", "special_validity": null, "notes": "**"}
{"supermarket": "Penny", "brand": "Swiffer", "product_name": "Feuchte Bodenwischtücher", "variant": "antibakteriell", "pack_size": "24er-Box", "unit": "Box", "pack_count": null, "price": 3.99, "currency": "EUR", "promo_type": "Aktion", "compare_price": null, "uvp": null, "discount_pct": null, "valid_from": "2025-11-13", "valid_to": "2025-11-15", "special_validity": null, "notes": "* Dieser Artikel ist nur vorübergehend und nicht in allen Filialen erhältlich. Aufgrund begrenzter Vorratsmengen kann der Artikel bereits kurz nach Öffnung ausverkauft sein. Die Abgabe erfolgt nur in haushaltsüblichen Mengen. Alle Preise ohne Deko. Druckfehler vorbehalten., vorsichtig verwenden. Vor Gebrauch stets Etikett und Produktinformationen lesen."}
{"supermarket": "Penny", "brand": "Swiffer", "product_name": "Feuchte Bodenwischtücher", "variant": "MORNING FRESH", "pack_size": null, "unit": "Box", "pack_count": null, "price": 5.99, "currency": "EUR", "promo_type": null, "compare_price": null, "uvp": null, "discount_pct": null, "valid_from": "2025-11-13", "valid_to": "2025-11-15", "special_validity": null, "notes": "* Dieser Artikel ist nur vorübergehend und nicht in allen Filialen erhältlich. Aufgrund begrenzter Vorratsmengen kann der Artikel bereits kurz nach Öffnung ausverkauft sein. Die Abgabe erfolgt nur in haushaltsüblichen Mengen. Alle Preise ohne Deko. Druckfehler vorbehalten."}
{"supermarket": "Penny", "brand": "Swiffer", "product_name": "Trockene Bodenwischtücher", "variant": null, "pack_size": "72er-Mega-Pack", "unit": "Packung", "pack_count": null, "price": 12.99, "currency": "EUR", "promo_type": null, "compare_price": null, "uvp": null, "discount_pct": null, "valid_from": "2025-11-13", "valid_to": "2025-11-15", "special_validity": null, "notes": "**"}
{"supermarket": "Penny", "brand": "Swiffer DUSTER", "product_name": "Staubmagnet-Ersatztücher", "variant": null, "pack_size": "18er-Mega-Pack", "unit": "Packung", "pack_count": null, "price": 12.99, "currency": "EUR", "promo_type": null, "compare_price": null, "uvp": null, "discount_pct": null, "valid_from": "2025-11-13", "valid_to": "2025-11-15", "special_validity": null, "notes": "**"}
{"supermarket": "Penny", "brand": "Swiffer SWEEPER", "product_name": "Bodenwischer-Starter-Set 3D CLEAN", "variant": "Inkl. 6 Tüchern", "pack_size": null, "unit": "Set", "pack_count": null, "price": 12.99, "currency": "EUR", "promo_type": "Aktion", "compare_price": null, "uvp": null, "discount_pct": null, "valid_from": "2025-11-13", "valid_to": "2025-11-15", "special_validity": null, "notes": "* Dieser Artikel ist nur vorübergehend und nicht in allen Filialen erhältlich. Aufgrund begrenzter Vorratsmengen kann der Artikel bereits kurz nach Öffnung ausverkauft sein. Die Abgabe erfolgt nur in haushaltsüblichen Mengen. Alle Preise ohne Deko. Druckfehler vorbehalten."}
{"supermarket": "Penny", "brand": "Swiffer SWEEPER", "product_name": "Bodenwischer-Starter-Set 3D CLEAN", "variant": "Inkl. 6 Tüchern", "pack_size": null, "unit": "Set", "pack_count": null, "price": 9.99, "currency": "EUR", "promo_type": "App-Preis", "compare_price": null, "uvp": null, "discount_pct": null, "valid_from": "2025-11-13", "valid_to": "2025-11-15", "special_validity": null, "notes": "* Dieser Artikel ist nur vorübergehend und nicht in allen Filialen erhältlich. Aufgrund begrenzter Vorratsmengen kann der Artikel bereits kurz nach Öffnung ausverkauft sein. Die Abgabe erfolgt nur in haushaltsüblichen Mengen. Alle Preise ohne Deko. Druckfehler vorbehalten., Nur mit App"}
{"supermarket": "Penny", "brand": "Dirt Devil", "product_name": "Fusselroller", "variant": null, "pack_size": "5er-Set", "unit": "Set", "pack_count": null, "price": 2.49, "currency": "EUR", "promo_type": "Aktion", "compare_price": null, "uvp": 3.50, "discount_pct": null, "valid_from": "2025-11-13", "valid_to": "2025-11-15", "special_validity": null, "notes": "**"}
{"supermarket": "Penny", "brand": "Dirt Devil", "product_name": "magische Schwämme", "variant": null, "pack_size": "20er-Packung", "unit": "Packung", "pack_count": null, "price": 2.49, "currency": "EUR", "promo_type": "Aktion", "compare_price": null, "uvp": 4.99, "discount_pct": null, "valid_from": "2025-11-13", "valid_to": "2025-11-15", "special_validity": null, "notes": "**"}
{"supermarket": "Penny", "brand": "Dirt Devil", "product_name": "Scheuerpads", "variant": null, "pack_size": "30er-Packung", "unit": "Packung", "pack_count": null, "price": 2.99, "currency": "EUR", "promo_type": "Aktion", "compare_price": null, "uvp": 5.99, "discount_pct": null, "valid_from": "2025-11-13", "valid_to": "2025-11-15", "special_validity": null, "notes": "**"}
{"supermarket": "Penny", "brand": "Dirt Devil", "product_name": "Mikrofaser-Reinigungstücher", "variant": null, "pack_size": "20er-Packung", "unit": "Packung", "pack_count": null, "price": 6.99, "currency": "EUR", "promo_type": "Aktion", "compare_price": null, "uvp": 9.99, "discount_pct": null, "valid_from": "2025-11-13", "valid_to": "2025-11-15", "special_validity": null, "notes": "**"}
{"supermarket": "Penny", "brand": "HEDURA", "product_name": "3-stufiger Klapptritt", "variant": "Stahlkonstruktion, Große Trittflächen, Aufgestellt ca. 108 cm hoch, Zusammenklappbar, max. 150 kg", "pack_size": null, "unit": "Stück", "pack_count": null, "price": 24.99, "currency": "EUR", "promo_type": "Aktion", "compare_price": null, "uvp": null, "discount_pct": null, "valid_from": "2025-11-13", "valid_to": "2025-11-15", "special_validity": null, "notes": "** Leichter Transport"}
```

-----

# 
```jsonl
{"supermarket": "Penny", "brand": "BÄCKERKRÖNUNG", "product_name": "Ciabatta", "variant": null, "pack_size": "300", "unit": "g", "pack_count": null, "price": 0.79, "currency": "EUR", "promo_type": null, "compare_price": "1 kg = 2.63", "uvp": null, "discount_pct": null, "valid_from": "2025-11-10", "valid_to": "2025-11-15", "special_validity": null, "notes": "Frisch aus unserer Backstation."}
{"supermarket": "Penny", "brand": "BÄCKERKRÖNUNG", "product_name": "Weizenbrötchen", "variant": null, "pack_size": null, "unit": "Stück", "pack_count": 7, "price": 1.00, "currency": "EUR", "promo_type": "multi-buy", "compare_price": "entspricht 0.14 je Brötchen, Einzelpreis je Stück 0.19", "uvp": 1.33, "discount_pct": 25, "valid_from": "2025-11-10", "valid_to": "2025-11-15", "special_validity": null, "notes": "Frisch aus unserer Backstation. 7 KAUFEN."}
{"supermarket": "Penny", "brand": "BÄCKERKRÖNUNG", "product_name": "Buttercroissant", "variant": "Frisches", "pack_size": null, "unit": "Stück", "pack_count": null, "price": 0.49, "currency": "EUR", "promo_type": null, "compare_price": null, "uvp": null, "discount_pct": null, "valid_from": "2025-11-10", "valid_to": "2025-11-15", "special_validity": null, "notes": "Frisch aus unserer Backstation."}
{"supermarket": "Penny", "brand": "BÄCKERKRÖNUNG", "product_name": "Croissant", "variant": "Nuss-Nugat-Creme", "pack_size": null, "unit": "Stück", "pack_count": null, "price": 0.69, "currency": "EUR", "promo_type": null, "compare_price": null, "uvp": null, "discount_pct": null, "valid_from": "2025-11-10", "valid_to": "2025-11-15", "special_validity": null, "notes": "Mit Nussstückchen, Frisch aus unserer Backstation."}
{"supermarket": "Penny", "brand": "BÄCKERKRÖNUNG", "product_name": "Knäckebrot", "variant": "Versch. Sorten", "pack_size": "250", "unit": "g", "pack_count": null, "price": 1.39, "currency": "EUR", "promo_type": null, "compare_price": "1 kg = 5.56", "uvp": null, "discount_pct": null, "valid_from": "2025-11-10", "valid_to": "2025-11-15", "special_validity": null, "notes": null}
{"supermarket": "Penny", "brand": "BÄCKERKRÖNUNG", "product_name": "Mini Chinois", "variant": "Versch. Sorten", "pack_size": "300", "unit": "g", "pack_count": 6, "price": 1.99, "currency": "EUR", "promo_type": null, "compare_price": "1 kg = 6.63", "uvp": null, "discount_pct": null, "valid_from": "2025-11-10", "valid_to": "2025-11-15", "special_validity": null, "notes": "Versch. Sorten (Schokolade, Creme)."}
{"supermarket": "Penny", "brand": "COVO", "product_name": "American Style Cookies", "variant": "Schokolade", "pack_size": "225", "unit": "g", "pack_count": null, "price": 1.49, "currency": "EUR", "promo_type": null, "compare_price": "1 kg = 6.62", "uvp": null, "discount_pct": null, "valid_from": "2025-11-10", "valid_to": "2025-11-15", "special_validity": null, "notes": null}
{"supermarket": "Penny", "brand": "COVO", "product_name": "Cookies", "variant": "Rainbow", "pack_size": "150", "unit": "g", "pack_count": null, "price": 1.49, "currency": "EUR", "promo_type": null, "compare_price": "1 kg = 9.93", "uvp": null, "discount_pct": null, "valid_from": "2025-11-10", "valid_to": "2025-11-15", "special_validity": null, "notes": null}
{"supermarket": "Penny", "brand": "COVO", "product_name": "Cookies", "variant": "Double Choc", "pack_size": "225", "unit": "g", "pack_count": null, "price": 1.49, "currency": "EUR", "promo_type": null, "compare_price": "1 kg = 6.62", "uvp": null, "discount_pct": null, "valid_from": "2025-11-10", "valid_to": "2025-11-15", "special_validity": null, "notes": null}
{"supermarket": "Penny", "brand": "COVO", "product_name": "Schoko-Milchtaler", "variant": null, "pack_size": "225", "unit": "g", "pack_count": 6, "price": 1.79, "currency": "EUR", "promo_type": null, "compare_price": "1 kg = 7.96", "uvp": null, "discount_pct": null, "valid_from": "2025-11-10", "valid_to": "2025-11-15", "special_validity": null, "notes": "6x à 37,5 g = 225 g."}
{"supermarket": "Penny", "brand": "COVO", "product_name": "Doubletti", "variant": "Haselnuss", "pack_size": "250", "unit": "g", "pack_count": null, "price": 1.25, "currency": "EUR", "promo_type": null, "compare_price": "1 kg = 5.00", "uvp": null, "discount_pct": null, "valid_from": "2025-11-10", "valid_to": "2025-11-15", "special_validity": null, "notes": null}
{"supermarket": "Penny", "brand": "COVO", "product_name": "Jaffa Cake", "variant": "Orange", "pack_size": "300", "unit": "g", "pack_count": null, "price": 1.99, "currency": "EUR", "promo_type": null, "compare_price": "1 kg = 6.63", "uvp": null, "discount_pct": null, "valid_from": "2025-11-10", "valid_to": "2025-11-15", "special_validity": null, "notes": null}
{"supermarket": "Penny", "brand": "COVO", "product_name": "Mini Doppelkeks", "variant": null, "pack_size": "225", "unit": "g", "pack_count": 6, "price": 1.49, "currency": "EUR", "promo_type": null, "compare_price": "1 kg = 6.62", "uvp": null, "discount_pct": null, "valid_from": "2025-11-10", "valid_to": "2025-11-15", "special_validity": null, "notes": "6 Päckchen à 5 Kekse."}
{"supermarket": "Penny", "brand": "COVO", "product_name": "Schwedisches Hafergebäck", "variant": "Schoko", "pack_size": "525", "unit": "g", "pack_count": null, "price": 3.99, "currency": "EUR", "promo_type": null, "compare_price": "1 kg = 7.60", "uvp": null, "discount_pct": null, "valid_from": "2025-11-10", "valid_to": "2025-11-15", "special_validity": null, "notes": null}
{"supermarket": "Penny", "brand": "COVO", "product_name": "Schwedisches Hafergebäck", "variant": null, "pack_size": "600", "unit": "g", "pack_count": null, "price": 3.99, "currency": "EUR", "promo_type": null, "compare_price": "1 kg = 6.65", "uvp": null, "discount_pct": null, "valid_from": "2025-11-10", "valid_to": "2025-11-15", "special_validity": null, "notes": null}
{"supermarket": "Penny", "brand": "COVO", "product_name": "Schoko & Keks Sticks", "variant": "Milchschokolade", "pack_size": "90", "unit": "g", "pack_count": null, "price": 1.49, "currency": "EUR", "promo_type": null, "compare_price": "1 kg = 16.56", "uvp": null, "discount_pct": null, "valid_from": "2025-11-10", "valid_to": "2025-11-15", "special_validity": null, "notes": null}
{"supermarket": "Penny", "brand": "COVO", "product_name": "Schoko & Keks Sticks", "variant": "Zartbitterschokolade", "pack_size": "90", "unit": "g", "pack_count": null, "price": 1.49, "currency": "EUR", "promo_type": null, "compare_price": "1 kg = 16.56", "uvp": null, "discount_pct": null, "valid_from": "2025-11-10", "valid_to": "2025-11-15", "special_validity": null, "notes": null}
{"supermarket": "Penny", "brand": "COVO", "product_name": "Waffelmischung", "variant": null, "pack_size": "400", "unit": "g", "pack_count": null, "price": 2.89, "currency": "EUR", "promo_type": null, "compare_price": "1 kg = 7.23", "uvp": null, "discount_pct": null, "valid_from": "2025-11-10", "valid_to": "2025-11-15", "special_validity": null, "notes": null}
{"supermarket": "Penny", "brand": "COVO", "product_name": "Gebäckmischung", "variant": null, "pack_size": "500", "unit": "g", "pack_count": null, "price": 2.89, "currency": "EUR", "promo_type": null, "compare_price": "1 kg = 5.78", "uvp": null, "discount_pct": null, "valid_from": "2025-11-10", "valid_to": "2025-11-15", "special_validity": null, "notes": null}
{"supermarket": "Penny", "brand": "COVO", "product_name": "Butterkeks", "variant": "Vollkorn", "pack_size": "400", "unit": "g", "pack_count": 2, "price": 1.99, "currency": "EUR", "promo_type": null, "compare_price": "1 kg = 4.98", "uvp": null, "discount_pct": null, "valid_from": "2025-11-10", "valid_to": "2025-11-15", "special_validity": null, "notes": "2 x 200 g."}
{"supermarket": "Penny", "brand": "COVO", "product_name": "Butterkeks", "variant": "Klassik", "pack_size": "400", "unit": "g", "pack_count": 2, "price": 1.99, "currency": "EUR", "promo_type": null, "compare_price": "1 kg = 4.98", "uvp": null, "discount_pct": null, "valid_from": "2025-11-10", "valid_to": "2025-11-15", "special_validity": null, "notes": "2 x 200 g."}
{"supermarket": "Penny", "brand": "COVO", "product_name": "Butter Spritzgebäck", "variant": null, "pack_size": "400", "unit": "g", "pack_count": null, "price": 2.69, "currency": "EUR", "promo_type": null, "compare_price": "1 kg = 6.73", "uvp": null, "discount_pct": null, "valid_from": "2025-11-10", "valid_to": "2025-11-15", "special_validity": null, "notes": null}
{"supermarket": "Penny", "brand": "COVO", "product_name": "Schoko Butterkeks", "variant": "Versch. Sorten", "pack_size": "125", "unit": "g", "pack_count": null, "price": 1.59, "currency": "EUR", "promo_type": null, "compare_price": "1 kg = 12.72", "uvp": null, "discount_pct": null, "valid_from": "2025-11-10", "valid_to": "2025-11-15", "special_validity": null, "notes": "Versch. Sorten (Zartbitter, Vollmilch)."}
{"supermarket": "Penny", "brand": "COVO", "product_name": "Mini-Schweins-öhrchen", "variant": "Zartbitter", "pack_size": "185", "unit": "g", "pack_count": null, "price": 1.99, "currency": "EUR", "promo_type": null, "compare_price": "1 kg = 10.76", "uvp": null, "discount_pct": null, "valid_from": "2025-11-10", "valid_to": "2025-11-15", "special_validity": null, "notes": null}
{"supermarket": "Penny", "brand": "COVO", "product_name": "Mini-Schweins-öhrchen", "variant": "Natur", "pack_size": "225", "unit": "g", "pack_count": null, "price": 1.99, "currency": "EUR", "promo_type": null, "compare_price": "1 kg = 8.84", "uvp": null, "discount_pct": null, "valid_from": "2025-11-10", "valid_to": "2025-11-15", "special_validity": null, "notes": null}
{"supermarket": "Penny", "brand": "DOUCEUR", "product_name": "Weihnachtsmann", "variant": "Keks mit Karamellgeschmack", "pack_size": "120", "unit": "g", "pack_count": null, "price": 1.19, "currency": "EUR", "promo_type": "discount", "compare_price": "1 kg = 9.92", "uvp": null, "discount_pct": 20, "valid_from": "2025-11-10", "valid_to": "2025-11-15", "special_validity": null, "notes": "20% Rabatt mit Penny App Coupon, ausgenommen Aktionsartikel. Siehe Seite 5 Fußnote 2."}
{"supermarket": "Penny", "brand": "DOUCEUR", "product_name": "Schokogeld", "variant": "Milchschokolade", "pack_size": "150", "unit": "g", "pack_count": null, "price": 1.99, "currency": "EUR", "promo_type": "discount", "compare_price": "1 kg = 13.27", "uvp": null, "discount_pct": 20, "valid_from": "2025-11-10", "valid_to": "2025-11-15", "special_validity": null, "notes": "20% Rabatt mit Penny App Coupon, ausgenommen Aktionsartikel. Siehe Seite 5 Fußnote 2."}
{"supermarket": "Penny", "brand": "DOUCEUR", "product_name": "Edel-Marzipan-Stollen", "variant": null, "pack_size": "1000", "unit": "g", "pack_count": null, "price": 4.99, "currency": "EUR", "promo_type": "discount", "compare_price": null, "uvp": null, "discount_pct": 20, "valid_from": "2025-11-10", "valid_to": "2025-11-15", "special_validity": null, "notes": "20% Rabatt mit Penny App Coupon, ausgenommen Aktionsartikel. Siehe Seite 5 Fußnote 2."}
{"supermarket": "Penny", "brand": "DOUCEUR", "product_name": "Baumkuchenspitzen", "variant": "Versch. Sorten", "pack_size": "150", "unit": "g", "pack_count": null, "price": 2.99, "currency": "EUR", "promo_type": "discount", "compare_price": "1 kg = 19.93", "uvp": null, "discount_pct": 20, "valid_from": "2025-11-10", "valid_to": "2025-11-15", "special_validity": null, "notes": "Versch. Sorten (Vollmilch, Jamaica-Rum). 20% Rabatt mit Penny App Coupon, ausgenommen Aktionsartikel. Siehe Seite 5 Fußnote 2."}
{"supermarket": "Penny", "brand": "DOUCEUR", "product_name": "Marzipan Kartoffeln", "variant": null, "pack_size": "125", "unit": "g", "pack_count": null, "price": 1.49, "currency": "EUR", "promo_type": "discount", "compare_price": "1 kg = 11.92", "uvp": null, "discount_pct": 20, "valid_from": "2025-11-10", "valid_to": "2025-11-15", "special_validity": null, "notes": "20% Rabatt mit Penny App Coupon, ausgenommen Aktionsartikel. Siehe Seite 5 Fußnote 2."}
{"supermarket": "Penny", "brand": "DOUCEUR", "product_name": "Gewürzspekulatius", "variant": null, "pack_size": "600", "unit": "g", "pack_count": null, "price": 1.69, "currency": "EUR", "promo_type": "discount", "compare_price": "1 kg = 2.82", "uvp": null, "discount_pct": 20, "valid_from": "2025-11-10", "valid_to": "2025-11-15", "special_validity": null, "notes": "20% Rabatt mit Penny App Coupon, ausgenommen Aktionsartikel. Siehe Seite 5 Fußnote 2."}
{"supermarket": "Penny", "brand": "DOUCEUR", "product_name": "Weihnachtsfiguren", "variant": "Versch. Sorten", "pack_size": "100", "unit": "g", "pack_count": null, "price": 2.39, "currency": "EUR", "promo_type": "discount", "compare_price": "1 kg = 23.90", "uvp": null, "discount_pct": 20, "valid_from": "2025-11-10", "valid_to": "2025-11-15", "special_validity": null, "notes": "Versch. Sorten (Weihnachtskugeln, Weihnachtsmänner). 20% Rabatt mit Penny App Coupon, ausgenommen Aktionsartikel. Siehe Seite 5 Fußnote 2."}
{"supermarket": "Penny", "brand": "PUDA", "product_name": "Haselnusskerne", "variant": "Ganz", "pack_size": "200", "unit": "g", "pack_count": null, "price": 3.69, "currency": "EUR", "promo_type": null, "compare_price": "1 kg = 18.45", "uvp": null, "discount_pct": null, "valid_from": "2025-11-10", "valid_to": "2025-11-15", "special_validity": null, "notes": "* Dieser Artikel ist nur vorübergehend und nicht in allen Filialen erhältlich. Aufgrund begrenzter Vorratsmengen kann der Artikel bereits kurz nach Öffnung ausverkauft sein. Die Abgabe erfolgt nur in haushaltsüblichen Mengen. Alle Preise ohne Deko. Druckfehler vorbehalten."}
{"supermarket": "Penny", "brand": "NATURGUT", "product_name": "Haferflocken", "variant": "Bio Zart", "pack_size": "500", "unit": "g", "pack_count": null, "price": 0.85, "currency": "EUR", "promo_type": null, "compare_price": "1 kg = 1.70", "uvp": null, "discount_pct": null, "valid_from": "2025-11-10", "valid_to": "2025-11-15", "special_validity": null, "notes": "* Dieser Artikel ist nur vorübergehend und nicht in allen Filialen erhältlich. Aufgrund begrenzter Vorratsmengen kann der Artikel bereits kurz nach Öffnung ausverkauft sein. Die Abgabe erfolgt nur in haushaltsüblichen Mengen. Alle Preise ohne Deko. Druckfehler vorbehalten."}
{"supermarket": "Penny", "brand": "NATURGUT", "product_name": "Landbrötchen", "variant": "Bio Mehrkorn", "pack_size": "280", "unit": "g", "pack_count": null, "price": 1.39, "currency": "EUR", "promo_type": null, "compare_price": "1 kg = 4.96", "uvp": null, "discount_pct": null, "valid_from": "2025-11-10", "valid_to": "2025-11-15", "special_validity": null, "notes": "* Dieser Artikel ist nur vorübergehend und nicht in allen Filialen erhältlich. Aufgrund begrenzter Vorratsmengen kann der Artikel bereits kurz nach Öffnung ausverkauft sein. Die Abgabe erfolgt nur in haushaltsüblichen Mengen. Alle Preise ohne Deko. Druckfehler vorbehalten."}
{"supermarket": "Penny", "brand": "today dent", "product_name": "Mundspülung", "variant": "Minzfrische", "pack_size": "500", "unit": "ml", "pack_count": null, "price": 0.85, "currency": "EUR", "promo_type": null, "compare_price": "1 l = 1.70", "uvp": null, "discount_pct": null, "valid_from": "2025-11-10", "valid_to": "2025-11-15", "special_validity": null, "notes": null}
{"supermarket": "Penny", "brand": "today", "product_name": "Softcreme", "variant": null, "pack_size": "250", "unit": "ml", "pack_count": null, "price": 1.15, "currency": "EUR", "promo_type": null, "compare_price": "1 l = 4.60", "uvp": null, "discount_pct": null, "valid_from": "2025-11-10", "valid_to": "2025-11-15", "special_validity": null, "notes": null}
{"supermarket": "Penny", "brand": "blik", "product_name": "Allzweckreiniger", "variant": "Ocean", "pack_size": "1", "unit": "l", "pack_count": null, "price": 0.95, "currency": "EUR", "promo_type": null, "compare_price": null, "uvp": null, "discount_pct": null, "valid_from": "2025-11-10", "valid_to": "2025-11-15", "special_validity": null, "notes": null}
{"supermarket": "Penny", "brand": "Knitty Friends & GLOWIEZ", "product_name": "Plüschtier", "variant": "Versch. Motive", "pack_size": null, "unit": "Stück", "pack_count": null, "price": 1.49, "currency": "EUR", "promo_type": "loyalty program", "compare_price": null, "uvp": null, "discount_pct": null, "valid_from": "2025-11-10", "valid_to": "2026-01-10", "special_validity": "Sammelzeitraum bis 31.12.2025, Einlösung bis 10.01.2026", "notes": "Mit 60 Treuepunkten und Zuzahlung. P. 1.49 nur mit App (sonst 1.99). Pro 5 Euro Einkaufswert 1 Treuepunkt. Siehe Fußnoten 1 und 2 für Details. Gewinnspiel-Artikel nicht enthalten."}
```

-----

# 
```jsonl
{"supermarket": "PENNY", "brand": "FERRERO", "product_name": "Mon Chéri", "variant": "Versch. Sorten", "pack_size": "157 g", "unit": null, "pack_count": null, "price": 2.79, "currency": "EUR", "promo_type": null, "compare_price": "1 kg = 17.77", "uvp": 3.99, "discount_pct": 30, "valid_from": "2025-11-10", "valid_to": "2025-11-15", "special_validity": null, "notes": null}
{"supermarket": "PENNY", "brand": "FERRERO", "product_name": "Mon Chéri", "variant": "Versch. Sorten", "pack_size": "157 g", "unit": null, "pack_count": null, "price": 2.49, "currency": "EUR", "promo_type": "Nur mit App", "compare_price": "1 kg = 15.86", "uvp": 3.99, "discount_pct": 37, "valid_from": "2025-11-10", "valid_to": "2025-11-15", "special_validity": null, "notes": null}
{"supermarket": "PENNY", "brand": "RITTER SPORT", "product_name": "Nuss-/Kakaoklasse", "variant": "Voll-Nuss", "pack_size": "100 g", "unit": null, "pack_count": null, "price": 1.49, "currency": "EUR", "promo_type": null, "compare_price": "1 kg = 14.90", "uvp": 2.29, "discount_pct": 34, "valid_from": "2025-11-10", "valid_to": "2025-11-15", "special_validity": null, "notes": "**"}
{"supermarket": "PENNY", "brand": "RITTER SPORT", "product_name": "Bunte Vielfalt", "variant": "Alpenmilch", "pack_size": "100 g", "unit": null, "pack_count": null, "price": 1.11, "currency": "EUR", "promo_type": null, "compare_price": "1 kg = 11.10", "uvp": 1.99, "discount_pct": 44, "valid_from": "2025-11-10", "valid_to": "2025-11-15", "special_validity": null, "notes": "**"}
{"supermarket": "PENNY", "brand": "MEZZO MIX", "product_name": "Erfrischungsgetränk", "variant": "Versch. Sorten, tw. koffeinhaltig", "pack_size": "1.25 l", "unit": null, "pack_count": null, "price": 0.99, "currency": "EUR", "promo_type": null, "compare_price": "1 l = 0.79", "uvp": 1.59, "discount_pct": 37, "valid_from": "2025-11-10", "valid_to": "2025-11-15", "special_validity": null, "notes": "zzgl. 0.25 Pfand, 2 Nicht in allen Märkten erhältlich."}
{"supermarket": "PENNY", "brand": "COCA-COLA", "product_name": "Erfrischungsgetränk", "variant": "Versch. Sorten, tw. koffeinhaltig", "pack_size": "1.25 l", "unit": null, "pack_count": null, "price": 0.99, "currency": "EUR", "promo_type": null, "compare_price": "1 l = 0.79", "uvp": 1.59, "discount_pct": 37, "valid_from": "2025-11-10", "valid_to": "2025-11-15", "special_validity": null, "notes": "zzgl. 0.25 Pfand, 2 Nicht in allen Märkten erhältlich."}
{"supermarket": "PENNY", "brand": "FANTA", "product_name": "Erfrischungsgetränk", "variant": "Versch. Sorten, tw. koffeinhaltig", "pack_size": "1.25 l", "unit": null, "pack_count": null, "price": 0.99, "currency": "EUR", "promo_type": null, "compare_price": "1 l = 0.79", "uvp": 1.59, "discount_pct": 37, "valid_from": "2025-11-10", "valid_to": "2025-11-15", "special_validity": null, "notes": "zzgl. 0.25 Pfand, 2 Nicht in allen Märkten erhältlich."}
{"supermarket": "PENNY", "brand": "SPRITE", "product_name": "Erfrischungsgetränk", "variant": "Versch. Sorten, tw. koffeinhaltig", "pack_size": "1.25 l", "unit": null, "pack_count": null, "price": 0.99, "currency": "EUR", "promo_type": null, "compare_price": "1 l = 0.79", "uvp": 1.59, "discount_pct": 37, "valid_from": "2025-11-10", "valid_to": "2025-11-15", "special_validity": null, "notes": "zzgl. 0.25 Pfand, 2 Nicht in allen Märkten erhältlich."}
{"supermarket": "PENNY", "brand": "FOL EPI", "product_name": "Käsescheiben", "variant": "Kürbiskern", "pack_size": "130 g", "unit": null, "pack_count": null, "price": 1.49, "currency": "EUR", "promo_type": null, "compare_price": "1 kg = 11.46", "uvp": 2.79, "discount_pct": 46, "valid_from": "2025-11-10", "valid_to": "2025-11-15", "special_validity": null, "notes": "**"}
{"supermarket": "PENNY", "brand": "FOL EPI", "product_name": "Käsescheiben", "variant": "Classic", "pack_size": "150 g", "unit": null, "pack_count": null, "price": 1.49, "currency": "EUR", "promo_type": null, "compare_price": "1 kg = 9.93", "uvp": 2.79, "discount_pct": 46, "valid_from": "2025-11-10", "valid_to": "2025-11-15", "special_validity": null, "notes": "**"}
{"supermarket": "PENNY", "brand": null, "product_name": "rote Äpfel", "variant": "KL. II", "pack_size": "2 kg", "unit": "Beutel", "pack_count": null, "price": 1.79, "currency": "EUR", "promo_type": "Preis KNALLER!", "compare_price": "1 kg = 0.90", "uvp": null, "discount_pct": null, "valid_from": "2025-11-10", "valid_to": "2025-11-15", "special_validity": "Ab Mo, 10.11.", "notes": null}
{"supermarket": "PENNY", "brand": "Disney", "product_name": "Hörfigur für die Toniebox", "variant": "Versch. Ausführungen", "pack_size": null, "unit": null, "pack_count": 1, "price": 12.99, "currency": "EUR", "promo_type": null, "compare_price": null, "uvp": 16.99, "discount_pct": null, "valid_from": "2025-11-13", "valid_to": "2025-11-15", "special_validity": "Ab Do, 13.11.", "notes": "**"}
{"supermarket": "PENNY", "brand": null, "product_name": "Toniebox", "variant": null, "pack_size": null, "unit": null, "pack_count": 1, "price": 69.99, "currency": "EUR", "promo_type": null, "compare_price": null, "uvp": 99.99, "discount_pct": 30, "valid_from": "2025-11-13", "valid_to": "2025-11-15", "special_validity": "Ab Do, 13.11.", "notes": "**, Weitere Farbe"}
{"supermarket": "PENNY", "brand": null, "product_name": "Zitronen", "variant": "KL. I", "pack_size": "750 g", "unit": "Netz", "pack_count": null, "price": 1.49, "currency": "EUR", "promo_type": "Preis KNALLER!", "compare_price": "1 kg = 1.99", "uvp": null, "discount_pct": null, "valid_from": "2025-11-10", "valid_to": "2025-11-15", "special_validity": null, "notes": null}
{"supermarket": "PENNY", "brand": "Marktliebe", "product_name": "Kaki", "variant": "KL. I", "pack_size": "1 kg", "unit": "Schale", "pack_count": null, "price": 1.79, "currency": "EUR", "promo_type": "Preis KNALLER!", "compare_price": null, "uvp": null, "discount_pct": null, "valid_from": "2025-11-10", "valid_to": "2025-11-15", "special_validity": null, "notes": null}
{"supermarket": "PENNY", "brand": "Marktliebe", "product_name": "Heidelbeeren", "variant": "Kl. I", "pack_size": "200 g", "unit": "Schale", "pack_count": null, "price": 1.69, "currency": "EUR", "promo_type": "Preis KNALLER!", "compare_price": "1 kg = 8.45", "uvp": null, "discount_pct": null, "valid_from": "2025-11-10", "valid_to": "2025-11-15", "special_validity": null, "notes": null}
{"supermarket": "PENNY", "brand": "CHIQUITA", "product_name": "Bananen", "variant": null, "pack_size": "kg", "unit": null, "pack_count": null, "price": 1.99, "currency": "EUR", "promo_type": "Preis KNALLER!", "compare_price": null, "uvp": null, "discount_pct": null, "valid_from": "2025-11-10", "valid_to": "2025-11-15", "special_validity": null, "notes": null}
{"supermarket": "PENNY", "brand": null, "product_name": "bunter Möhren-Mix", "variant": "KL. I", "pack_size": "750 g", "unit": "Packung", "pack_count": null, "price": 0.99, "currency": "EUR", "promo_type": "Aktion", "compare_price": "1 kg = 1.32", "uvp": null, "discount_pct": null, "valid_from": "2025-11-10", "valid_to": "2025-11-15", "special_validity": null, "notes": "**"}
{"supermarket": "PENNY", "brand": "Marktliebe", "product_name": "Zwiebeln", "variant": "KL. II", "pack_size": "3 kg", "unit": "Netz", "pack_count": null, "price": 1.59, "currency": "EUR", "promo_type": "Aktion", "compare_price": "1 kg = 0.53", "uvp": null, "discount_pct": null, "valid_from": "2025-11-10", "valid_to": "2025-11-15", "special_validity": null, "notes": "*"}
{"supermarket": "PENNY", "brand": "Marktliebe", "product_name": "Zwiebeln", "variant": "KL. II", "pack_size": "3 kg", "unit": "Netz", "pack_count": null, "price": 1.39, "currency": "EUR", "promo_type": "Nur mit App", "compare_price": "1 kg = 0.46", "uvp": null, "discount_pct": null, "valid_from": "2025-11-10", "valid_to": "2025-11-15", "special_validity": null, "notes": "*"}
{"supermarket": "PENNY", "brand": "BEST MOMENTS", "product_name": "Speisekartoffeln", "variant": "Drillinge, Qualität I", "pack_size": "1 kg", "unit": "Schale", "pack_count": null, "price": 1.49, "currency": "EUR", "promo_type": "Preis KNALLER!", "compare_price": null, "uvp": null, "discount_pct": null, "valid_from": "2025-11-10", "valid_to": "2025-11-15", "special_validity": null, "notes": null}
{"supermarket": "PENNY", "brand": null, "product_name": "Mini-Weihnachtsstern", "variant": null, "pack_size": "8 cm", "unit": "Topf", "pack_count": 1, "price": 1.39, "currency": "EUR", "promo_type": "Aktion", "compare_price": null, "uvp": null, "discount_pct": null, "valid_from": "2025-11-10", "valid_to": "2025-11-15", "special_validity": null, "notes": "*, Aus Niedersachsen"}
{"supermarket": "PENNY", "brand": null, "product_name": "Amaryllis", "variant": "Mit Grün", "pack_size": null, "unit": "Bund", "pack_count": 1, "price": 2.49, "currency": "EUR", "promo_type": "Aktion", "compare_price": null, "uvp": null, "discount_pct": null, "valid_from": "2025-11-10", "valid_to": "2025-11-15", "special_validity": null, "notes": null}
{"supermarket": "PENNY", "brand": null, "product_name": "Topfrose", "variant": null, "pack_size": "12 cm", "unit": "Topf", "pack_count": 1, "price": 2.99, "currency": "EUR", "promo_type": "Aktion", "compare_price": null, "uvp": null, "discount_pct": null, "valid_from": "2025-11-10", "valid_to": "2025-11-15", "special_validity": null, "notes": null}
{"supermarket": "PENNY", "brand": "MÜHLENHOF", "product_name": "Frischer Rinder-Sauerbraten", "variant": null, "pack_size": "1000 g", "unit": "Packung", "pack_count": null, "price": 9.99, "currency": "EUR", "promo_type": "Aktion", "compare_price": "Abtropfgewicht = 600 g (1 kg = 16.65)", "uvp": null, "discount_pct": null, "valid_from": "2025-11-10", "valid_to": "2025-11-15", "special_validity": null, "notes": "**"}
{"supermarket": "PENNY", "brand": "MÜHLENHOF", "product_name": "Frisches Hackfleisch, gemischt", "variant": "Vom Schwein und Rind", "pack_size": "800 g", "unit": "Packung", "pack_count": null, "price": 5.99, "currency": "EUR", "promo_type": "Preis KNALLER!", "compare_price": "1 kg = 7.49", "uvp": null, "discount_pct": null, "valid_from": "2025-11-10", "valid_to": "2025-11-15", "special_validity": null, "notes": null}
{"supermarket": "PENNY", "brand": "MÜHLENHOF", "product_name": "Frische Schweine-Medaillons", "variant": "Aus dem Schinken", "pack_size": "400 g", "unit": "Packung", "pack_count": null, "price": 3.99, "currency": "EUR", "promo_type": "Aktion", "compare_price": "1 kg = 9.98", "uvp": null, "discount_pct": null, "valid_from": "2025-11-10", "valid_to": "2025-11-15", "special_validity": null, "notes": "*"}
{"supermarket": "PENNY", "brand": "MÜHLENHOF", "product_name": "Frische Schweine-Medaillons", "variant": "Aus dem Schinken", "pack_size": "400 g", "unit": "Packung", "pack_count": null, "price": 3.49, "currency": "EUR", "promo_type": "Nur mit App", "compare_price": "1 kg = 8.73", "uvp": null, "discount_pct": null, "valid_from": "2025-11-10", "valid_to": "2025-11-15", "special_validity": null, "notes": "*"}
{"supermarket": "PENNY", "brand": "MÜHLENHOF", "product_name": "Frisches Puten-Gulasch", "variant": "Aus dem Brustfilet", "pack_size": "800 g", "unit": "Packung", "pack_count": null, "price": 6.99, "currency": "EUR", "promo_type": "Aktion", "compare_price": "1 kg = 8.74", "uvp": null, "discount_pct": null, "valid_from": "2025-11-10", "valid_to": "2025-11-15", "special_validity": null, "notes": "**"}
{"supermarket": "PENNY", "brand": "MÜHLENHOF", "product_name": "Frische Hähnchen-Minutenschnitzel", "variant": null, "pack_size": "800 g", "unit": "Packung", "pack_count": null, "price": 6.99, "currency": "EUR", "promo_type": "Aktion", "compare_price": "1 kg = 8.74", "uvp": null, "discount_pct": null, "valid_from": "2025-11-10", "valid_to": "2025-11-15", "special_validity": null, "notes": "*"}
{"supermarket": "PENNY", "brand": "BUTCHER'S by Penny", "product_name": "Spare Ribs", "variant": "Mit Canadian-Club-Glaze, vom Schwein", "pack_size": "600 g", "unit": "Packung", "pack_count": null, "price": 7.99, "currency": "EUR", "promo_type": null, "compare_price": "1 kg = 13.32", "uvp": null, "discount_pct": null, "valid_from": "2025-11-10", "valid_to": "2025-11-15", "special_validity": null, "notes": "ohne PENNY App 7.99"}
{"supermarket": "PENNY", "brand": "BUTCHER'S by Penny", "product_name": "Spare Ribs", "variant": "Mit Canadian-Club-Glaze, vom Schwein", "pack_size": "600 g", "unit": "Packung", "pack_count": null, "price": 5.99, "currency": "EUR", "promo_type": "Nur mit der App", "compare_price": "1 kg = 9.98", "uvp": 7.99, "discount_pct": 25, "valid_from": "2025-11-10", "valid_to": "2025-11-15", "special_validity": null, "notes": null}
{"supermarket": "PENNY", "brand": null, "product_name": "Frischer Hähnchenrollbraten", "variant": "Aus dem Brustfilet, gewürzt, gefüllt mit einer Geflügelhackfleischzubereitung", "pack_size": "500 g", "unit": "Packung", "pack_count": null, "price": 5.49, "currency": "EUR", "promo_type": "Aktion", "compare_price": "1 kg = 10.98", "uvp": null, "discount_pct": null, "valid_from": "2025-11-10", "valid_to": "2025-11-15", "special_validity": null, "notes": "*"}
{"supermarket": "PENNY", "brand": "SNACK IT", "product_name": "Kabanos", "variant": "Versch. Sorten", "pack_size": "120 g", "unit": null, "pack_count": null, "price": 1.79, "currency": "EUR", "promo_type": "Aktion", "compare_price": "1 kg = 14.92", "uvp": null, "discount_pct": null, "valid_from": "2025-11-10", "valid_to": "2025-11-15", "special_validity": null, "notes": "**"}
{"supermarket": "PENNY", "brand": "MEISTERKLASSE", "product_name": "Hähnchenwiener", "variant": null, "pack_size": "600 g", "unit": null, "pack_count": null, "price": 3.99, "currency": "EUR", "promo_type": "Aktion", "compare_price": "1 kg = 6.65", "uvp": null, "discount_pct": null, "valid_from": "2025-11-10", "valid_to": "2025-11-15", "special_validity": null, "notes": "**"}
{"supermarket": "PENNY", "brand": "BERGER", "product_name": "Gourmet Aufschnitt", "variant": "Versch. Sorten", "pack_size": "200 g", "unit": null, "pack_count": null, "price": 2.49, "currency": "EUR", "promo_type": "Aktion", "compare_price": "1 kg = 12.45", "uvp": null, "discount_pct": null, "valid_from": "2025-11-10", "valid_to": "2025-11-15", "special_validity": null, "notes": "**"}
{"supermarket": "PENNY", "brand": "CHARLY'S CHICKEN", "product_name": "Hähnchenbrust", "variant": "CLASSIC", "pack_size": "75 g", "unit": null, "pack_count": null, "price": 0.99, "currency": "EUR", "promo_type": "Aktion", "compare_price": "1 kg = 13.20", "uvp": null, "discount_pct": null, "valid_from": "2025-11-10", "valid_to": "2025-11-15", "special_validity": null, "notes": "**"}
{"supermarket": "PENNY", "brand": "CHARLY'S CHICKEN", "product_name": "Hähnchenbrust", "variant": "MEDITERRANE KRÄUTER", "pack_size": "75 g", "unit": null, "pack_count": null, "price": 0.99, "currency": "EUR", "promo_type": "Aktion", "compare_price": "1 kg = 13.20", "uvp": null, "discount_pct": null, "valid_from": "2025-11-10", "valid_to": "2025-11-15", "special_validity": null, "notes": "**"}
{"supermarket": "PENNY", "brand": "EIFELER", "product_name": "Fleischgericht", "variant": "Rahm-Geschnetzeltes Lüricher Art", "pack_size": "500 g", "unit": null, "pack_count": null, "price": 3.33, "currency": "EUR", "promo_type": "Aktion", "compare_price": "1 kg = 6.66", "uvp": null, "discount_pct": null, "valid_from": "2025-11-10", "valid_to": "2025-11-15", "special_validity": null, "notes": "*"}
{"supermarket": "PENNY", "brand": "EIFELER", "product_name": "Fleischgericht", "variant": "Paprika Gulasch Ungarische Art", "pack_size": "500 g", "unit": null, "pack_count": null, "price": 3.33, "currency": "EUR", "promo_type": "Aktion", "compare_price": "1 kg = 6.66", "uvp": null, "discount_pct": null, "valid_from": "2025-11-10", "valid_to": "2025-11-15", "special_validity": null, "notes": "*"}
{"supermarket": "PENNY", "brand": "JACK LINK'S", "product_name": "Beef Jerky", "variant": "TERIYAKI", "pack_size": "60 g", "unit": null, "pack_count": null, "price": 2.99, "currency": "EUR", "promo_type": "Aktion", "compare_price": "1 kg = 49.83", "uvp": null, "discount_pct": null, "valid_from": "2025-11-10", "valid_to": "2025-11-15", "special_validity": null, "notes": "**"}
{"supermarket": "PENNY", "brand": "JACK LINK'S", "product_name": "Beef Jerky", "variant": "ORIGINAL", "pack_size": "60 g", "unit": null, "pack_count": null, "price": 2.99, "currency": "EUR", "promo_type": "Aktion", "compare_price": "1 kg = 49.83", "uvp": null, "discount_pct": null, "valid_from": "2025-11-10", "valid_to": "2025-11-15", "special_validity": null, "notes": "**"}
{"supermarket": "PENNY", "brand": "ALMETTE", "product_name": "Frischkäsezubereitung", "variant": "Natur", "pack_size": "150 g", "unit": null, "pack_count": null, "price": 1.11, "currency": "EUR", "promo_type": "Aktion", "compare_price": "1 kg = 7.40", "uvp": null, "discount_pct": null, "valid_from": "2025-11-10", "valid_to": "2025-11-15", "special_validity": null, "notes": null}
{"supermarket": "PENNY", "brand": "GERVAIS", "product_name": "Hüttenkäse", "variant": "Original", "pack_size": "200 g", "unit": null, "pack_count": null, "price": 1.11, "currency": "EUR", "promo_type": "Aktion", "compare_price": "1 kg = 5.55", "uvp": null, "discount_pct": null, "valid_from": "2025-11-10", "valid_to": "2025-11-15", "special_validity": null, "notes": "*"}
{"supermarket": "PENNY", "brand": "LÄTTA", "product_name": "Halbfett-Margarine", "variant": "Original", "pack_size": "450 g", "unit": null, "pack_count": null, "price": 1.25, "currency": "EUR", "promo_type": null, "compare_price": "1 kg = 2.78", "uvp": 2.19, "discount_pct": 42, "valid_from": "2025-11-10", "valid_to": "2025-11-15", "special_validity": null, "notes": null}
{"supermarket": "PENNY", "brand": "LÄTTA", "product_name": "Halbfett-Margarine", "variant": "Original", "pack_size": "450 g", "unit": null, "pack_count": null, "price": 1.11, "currency": "EUR", "promo_type": "Nur mit App", "compare_price": "1 kg = 2.47", "uvp": 2.19, "discount_pct": 49, "valid_from": "2025-11-10", "valid_to": "2025-11-15", "special_validity": null, "notes": null}
{"supermarket": "PENNY", "brand": "LINDENHOF", "product_name": "Backcamembert", "variant": null, "pack_size": "350 g", "unit": null, "pack_count": null, "price": 2.59, "currency": "EUR", "promo_type": null, "compare_price": "1 kg = 7.40", "uvp": 2.99, "discount_pct": 13, "valid_from": "2025-11-10", "valid_to": "2025-11-15", "special_validity": null, "notes": null}
{"supermarket": "PENNY", "brand": "BERIDA", "product_name": "XXL Räucherlachs", "variant": null, "pack_size": "220 g", "unit": null, "pack_count": null, "price": 4.79, "currency": "EUR", "promo_type": "Aktion", "compare_price": "1 kg = 21.77", "uvp": null, "discount_pct": null, "valid_from": "2025-11-10", "valid_to": "2025-11-15", "special_validity": null, "notes": "*"}
{"supermarket": "PENNY", "brand": "BERIDA", "product_name": "Knusper-Fisch", "variant": null, "pack_size": "300 g", "unit": null, "pack_count": null, "price": 1.99, "currency": "EUR", "promo_type": "Aktion", "compare_price": "1 kg = 6.63", "uvp": null, "discount_pct": null, "valid_from": "2025-11-10", "valid_to": "2025-11-15", "special_validity": null, "notes": "**"}
{"supermarket": "PENNY", "brand": "ANDERSSON'S", "product_name": "Köttbullar", "variant": null, "pack_size": "500 g", "unit": null, "pack_count": null, "price": 3.99, "currency": "EUR", "promo_type": "Aktion", "compare_price": "1 kg = 7.98", "uvp": null, "discount_pct": null, "valid_from": "2025-11-10", "valid_to": "2025-11-15", "special_validity": null, "notes": "**"}
{"supermarket": "PENNY", "brand": "GUSTAVO GUSTO", "product_name": "Pizza", "variant": "Salame", "pack_size": "460 g", "unit": null, "pack_count": null, "price": 4.69, "currency": "EUR", "promo_type": null, "compare_price": "1 kg = 10.20", "uvp": null, "discount_pct": null, "valid_from": "2025-11-10", "valid_to": "2025-11-15", "special_validity": null, "notes": null}
{"supermarket": "PENNY", "brand": "GUSTAVO GUSTO", "product_name": "Pizza", "variant": "Salame", "pack_size": "460 g", "unit": null, "pack_count": null, "price": 3.49, "currency": "EUR", "promo_type": "Nur mit der App", "compare_price": "1 kg = 7.59", "uvp": 4.69, "discount_pct": 25, "valid_from": "2025-11-10", "valid_to": "2025-11-15", "special_validity": null, "notes": null}
{"supermarket": "PENNY", "brand": "GUSTAVO GUSTO", "product_name": "Pizza", "variant": "Margherita", "pack_size": "410 g", "unit": null, "pack_count": null, "price": 4.69, "currency": "EUR", "promo_type": null, "compare_price": "1 kg = 11.44", "uvp": null, "discount_pct": null, "valid_from": "2025-11-10", "valid_to": "2025-11-15", "special_validity": null, "notes": null}
{"supermarket": "PENNY", "brand": "GUSTAVO GUSTO", "product_name": "Pizza", "variant": "Margherita", "pack_size": "410 g", "unit": null, "pack_count": null, "price": 3.49, "currency": "EUR", "promo_type": "Nur mit der App", "compare_price": "1 kg = 8.51", "uvp": 4.69, "discount_pct": 25, "valid_from": "2025-11-10", "valid_to": "2025-11-15", "special_validity": null, "notes": null}
{"supermarket": "PENNY", "brand": "MCCAIN", "product_name": "Golden Longs", "variant": "Extra knusprig", "pack_size": "600 g", "unit": null, "pack_count": null, "price": 1.59, "currency": "EUR", "promo_type": null, "compare_price": "1 kg = 2.65", "uvp": 2.99, "discount_pct": 46, "valid_from": "2025-11-10", "valid_to": "2025-11-15", "special_validity": null, "notes": null}
{"supermarket": "PENNY", "brand": "MCCAIN", "product_name": "Chef Frites", "variant": "Crispy Crinkle Cut", "pack_size": "750 g", "unit": null, "pack_count": null, "price": 1.59, "currency": "EUR", "promo_type": null, "compare_price": "1 kg = 2.12", "uvp": 2.99, "discount_pct": 46, "valid_from": "2025-11-10", "valid_to": "2025-11-15", "special_validity": null, "notes": "**"}
{"supermarket": "PENNY", "brand": "ARLA", "product_name": "Kærgården Butter", "variant": null, "pack_size": "250 g", "unit": null, "pack_count": null, "price": 1.79, "currency": "EUR", "promo_type": "Aktion", "compare_price": "1 kg = 7.16", "uvp": null, "discount_pct": null, "valid_from": "2025-11-10", "valid_to": "2025-11-15", "special_validity": null, "notes": "**"}
{"supermarket": "PENNY", "brand": "RAMA", "product_name": "Cremefine", "variant": "zum Kochen, 15% Fett", "pack_size": "250 ml", "unit": null, "pack_count": null, "price": 0.99, "currency": "EUR", "promo_type": null, "compare_price": "1 l = 3.96", "uvp": 1.49, "discount_pct": 33, "valid_from": "2025-11-10", "valid_to": "2025-11-15", "special_validity": null, "notes": "**"}
{"supermarket": "PENNY", "brand": "RAMA", "product_name": "Cremefine", "variant": "zum Kochen, 7% Fett", "pack_size": "250 ml", "unit": null, "pack_count": null, "price": 0.99, "currency": "EUR", "promo_type": null, "compare_price": "1 l = 3.96", "uvp": 1.49, "discount_pct": 33, "valid_from": "2025-11-10", "valid_to": "2025-11-15", "special_validity": null, "notes": "**"}
{"supermarket": "PENNY", "brand": "DELI REFORM", "product_name": "Perfekt zum Backen", "variant": "Backstreichfett mit feinem Butteraroma", "pack_size": "500 g", "unit": null, "pack_count": null, "price": 1.19, "currency": "EUR", "promo_type": "Aktion", "compare_price": "1 kg = 2.38", "uvp": null, "discount_pct": null, "valid_from": "2025-11-10", "valid_to": "2025-11-15", "special_validity": null, "notes": "*"}
{"supermarket": "PENNY", "brand": "WEIHENSTEPHAN", "product_name": "Haltbare Milch", "variant": "1,5% Fett", "pack_size": "1 l", "unit": null, "pack_count": null, "price": 1.19, "currency": "EUR", "promo_type": "Aktion", "compare_price": null, "uvp": null, "discount_pct": null, "valid_from": "2025-11-10", "valid_to": "2025-11-15", "special_validity": null, "notes": "**"}
{"supermarket": "PENNY", "brand": "WEIHENSTEPHAN", "product_name": "Haltbare Milch", "variant": "3,5% Fett", "pack_size": "1 l", "unit": null, "pack_count": null, "price": 1.19, "currency": "EUR", "promo_type": "Aktion", "compare_price": null, "uvp": null, "discount_pct": null, "valid_from": "2025-11-10", "valid_to": "2025-11-15", "special_validity": null, "notes": "**"}
{"supermarket": "PENNY", "brand": "KINDER", "product_name": "Maxi King", "variant": null, "pack_size": "3 x 35 g", "unit": null, "pack_count": null, "price": 1.39, "currency": "EUR", "promo_type": null, "compare_price": "1 kg = 13.24", "uvp": 1.89, "discount_pct": 26, "valid_from": "2025-11-10", "valid_to": "2025-11-15", "special_validity": null, "notes": null}
{"supermarket": "PENNY", "brand": "MÜLLER", "product_name": "Frucht Butter Milch", "variant": "Orange-Mandarine", "pack_size": "500 g", "unit": null, "pack_count": null, "price": 0.89, "currency": "EUR", "promo_type": null, "compare_price": "1 kg = 1.78", "uvp": 1.39, "discount_pct": 35, "valid_from": "2025-11-10", "valid_to": "2025-11-15", "special_validity": null, "notes": "zzgl. 0.25 Pfand, NUR 1% FETT"}
{"supermarket": "PENNY", "brand": "MÜLLER", "product_name": "Frucht Butter Milch", "variant": "Multivitamin", "pack_size": "500 g", "unit": null, "pack_count": null, "price": 0.89, "currency": "EUR", "promo_type": null, "compare_price": "1 kg = 1.78", "uvp": 1.39, "discount_pct": 35, "valid_from": "2025-11-10", "valid_to": "2025-11-15", "special_validity": null, "notes": "zzgl. 0.25 Pfand, 1% FETT"}
{"supermarket": "PENNY", "brand": "MILPRIMA", "product_name": "Milchdrink", "variant": "Banana", "pack_size": "500 ml", "unit": null, "pack_count": null, "price": 0.89, "currency": "EUR", "promo_type": null, "compare_price": "1 l = 1.78", "uvp": null, "discount_pct": null, "valid_from": "2025-11-10", "valid_to": "2025-11-15", "special_validity": null, "notes": "zzgl. 0.25 Pfand"}
{"supermarket": "PENNY", "brand": "MILPRIMA", "product_name": "Milchdrink", "variant": "Banana", "pack_size": "500 ml", "unit": null, "pack_count": null, "price": 0.79, "currency": "EUR", "promo_type": "Nur mit der App", "compare_price": "1 l = 1.58", "uvp": 0.89, "discount_pct": 11, "valid_from": "2025-11-10", "valid_to": "2025-11-15", "special_validity": null, "notes": "zzgl. 0.25 Pfand"}
{"supermarket": "PENNY", "brand": "MILPRIMA", "product_name": "Milchdrink", "variant": "Schoko", "pack_size": "500 ml", "unit": null, "pack_count": null, "price": 0.89, "currency": "EUR", "promo_type": null, "compare_price": "1 l = 1.78", "uvp": null, "discount_pct": null, "valid_from": "2025-11-10", "valid_to": "2025-11-15", "special_validity": null, "notes": "zzgl. 0.25 Pfand"}
{"supermarket": "PENNY", "brand": "MILPRIMA", "product_name": "Milchdrink", "variant": "Schoko", "pack_size": "500 ml", "unit": null, "pack_count": null, "price": 0.79, "currency": "EUR", "promo_type": "Nur mit der App", "compare_price": "1 l = 1.58", "uvp": 0.89, "discount_pct": 11, "valid_from": "2025-11-10", "valid_to": "2025-11-15", "special_validity": null, "notes": "zzgl. 0.25 Pfand"}
{"supermarket": "PENNY", "brand": "MW SCHWABEN", "product_name": "Fruchtjoghurt", "variant": "Schwarzkirsch", "pack_size": "1 kg", "unit": null, "pack_count": null, "price": 2.22, "currency": "EUR", "promo_type": null, "compare_price": null, "uvp": 3.19, "discount_pct": 30, "valid_from": "2025-11-10", "valid_to": "2025-11-15", "special_validity": null, "notes": "**"}
{"supermarket": "PENNY", "brand": "MW SCHWABEN", "product_name": "Fruchtjoghurt", "variant": "Pflaume Zimt", "pack_size": "1 kg", "unit": null, "pack_count": null, "price": 2.22, "currency": "EUR", "promo_type": null, "compare_price": null, "uvp": 3.19, "discount_pct": 30, "valid_from": "2025-11-10", "valid_to": "2025-11-15", "special_validity": null, "notes": "**"}
{"supermarket": "PENNY", "brand": "DR. OETKER", "product_name": "Grieß Pudding", "variant": "Natur", "pack_size": "500 g", "unit": null, "pack_count": null, "price": 1.99, "currency": "EUR", "promo_type": "Aktion", "compare_price": "1 kg = 3.98", "uvp": null, "discount_pct": null, "valid_from": "2025-11-10", "valid_to": "2025-11-15", "special_validity": null, "notes": "**"}
{"supermarket": "PENNY", "brand": "DR. OETKER", "product_name": "High Protein Milchreis", "variant": "Klassisch", "pack_size": "400 g", "unit": null, "pack_count": null, "price": 1.99, "currency": "EUR", "promo_type": "Aktion", "compare_price": "1 kg = 4.98", "uvp": null, "discount_pct": null, "valid_from": "2025-11-10", "valid_to": "2025-11-15", "special_validity": null, "notes": "*"}
{"supermarket": "PENNY", "brand": "BÄCKERKRÖNUNG", "product_name": "Brunch Mix Brötchen", "variant": "Weizenbrötchen", "pack_size": "540 g", "unit": null, "pack_count": 6, "price": 1.29, "currency": "EUR", "promo_type": null, "compare_price": "1 kg = 2.39", "uvp": null, "discount_pct": null, "valid_from": "2025-11-10", "valid_to": "2025-11-15", "special_validity": null, "notes": null}
{"supermarket": "PENNY", "brand": "BÄCKERKRÖNUNG", "product_name": "Steinofen Baguette", "variant": null, "pack_size": "250 g", "unit": null, "pack_count": null, "price": 1.19, "currency": "EUR", "promo_type": null, "compare_price": "1 kg = 4.76", "uvp": null, "discount_pct": null, "valid_from": "2025-11-10", "valid_to": "2025-11-15", "special_validity": null, "notes": null}
{"supermarket": "PENNY", "brand": "BÄCKERKRÖNUNG", "product_name": "Kürbiskernbrot", "variant": null, "pack_size": "500 g", "unit": null, "pack_count": null, "price": 1.59, "currency": "EUR", "promo_type": null, "compare_price": "1 kg = 3.18", "uvp": null, "discount_pct": null, "valid_from": "2025-11-10", "valid_to": "2025-11-15", "special_validity": null, "notes": null}
{"supermarket": "PENNY", "brand": "BÄCKERKRÖNUNG", "product_name": "Laugen Brioche Rolls", "variant": null, "pack_size": "402 g", "unit": null, "pack_count": 6, "price": 1.99, "currency": "EUR", "promo_type": null, "compare_price": "1 kg = 4.95", "uvp": null, "discount_pct": null, "valid_from": "2025-11-10", "valid_to": "2025-11-15", "special_validity": null, "notes": null}```

-----

# 
```jsonl
{"supermarket": "Lidl", "brand": null, "product_name": "MINI Aceman SE", "variant": null, "pack_size": null, "unit": null, "pack_count": 1, "price": null, "currency": "EUR", "promo_type": "gewinnspiel", "compare_price": null, "uvp": null, "discount_pct": null, "valid_from": "2025-11-10", "valid_to": "2025-12-26", "special_validity": null, "notes": "Hauptgewinn. Abholung erforderlich. Teilnahme ab 18, Wohnsitz in Deutschland. E-Mail-Adresse angeben und u.a. in den Erhalt personalisierter Werbung einwilligen. Mehrfachteilnahmen ausgeschlossen. Losentscheid am Aktionsende, max. ein Gewinn pro Teilnehmer. Gewinnbenachrichtigung per Mail. Rückmeldung Gewinner innerhalb von 7 Tagen erforderlich. Lidl-Mitarbeiter ausgeschlossen. Barauszahlung u. Rechtsweg ausgeschlossen."}
{"supermarket": "Lidl", "brand": "Lidl-Reisen", "product_name": "Wellnessreise nach Tirol ins aja Resort Fürstenhaus am Achensee", "variant": "für 2 Personen", "pack_size": null, "unit": "Personen", "pack_count": 2, "price": null, "currency": "EUR", "promo_type": "gewinnspiel", "compare_price": null, "uvp": 1600.0, "discount_pct": null, "valid_from": "2025-11-10", "valid_to": "2025-12-26", "special_validity": null, "notes": "1x zu gewinnen. Reise muss über Lidl-Reisen Kundenservice bis zum 09.01.2026 gebucht werden und bis 01.04.2026 abgeschlossen sein. An- u. Abreise auf eigene Kosten. Teilnahme ab 18, Wohnsitz in Deutschland. E-Mail-Adresse angeben und u.a. in den Erhalt personalisierter Werbung einwilligen. Mehrfachteilnahmen ausgeschlossen. Losentscheid am Aktionsende, max. ein Gewinn pro Teilnehmer. Gewinnbenachrichtigung per Mail. Rückmeldung Gewinner innerhalb von 7 Tagen erforderlich. Lidl-Mitarbeiter ausgeschlossen. Barauszahlung u. Rechtsweg ausgeschlossen."}
{"supermarket": "Lidl", "brand": "Lidl", "product_name": "Lidl Einkaufsgutschein", "variant": null, "pack_size": null, "unit": "Gutschein", "pack_count": 1, "price": null, "currency": "EUR", "promo_type": "gewinnspiel", "compare_price": null, "uvp": 100.0, "discount_pct": null, "valid_from": "2025-11-10", "valid_to": "2025-12-26", "special_validity": null, "notes": "5x zu gewinnen. Teilnahme ab 18, Wohnsitz in Deutschland. E-Mail-Adresse angeben und u.a. in den Erhalt personalisierter Werbung einwilligen. Mehrfachteilnahmen ausgeschlossen. Losentscheid am Aktionsende, max. ein Gewinn pro Teilnehmer. Gewinnbenachrichtigung per Mail. Rückmeldung Gewinner innerhalb von 7 Tagen erforderlich. Lidl-Mitarbeiter ausgeschlossen. Barauszahlung u. Rechtsweg ausgeschlossen."}
{"supermarket": "Lidl", "brand": "Lidl-Reisen", "product_name": "Vikings ein immersives Erlebnis", "variant": "Übernachtung im Hotel Sachsenwald Reinbek (o.ä.), inkl. Frühstück & 1 Ticket für die Ausstellung Vikings", "pack_size": "1 Nacht", "unit": "p.P.", "pack_count": null, "price": 49.0, "currency": "EUR", "promo_type": "discount", "compare_price": null, "uvp": 71.0, "discount_pct": 31, "valid_from": "2025-11-17", "valid_to": "2025-11-30", "special_validity": null, "notes": "Buchbar von 17.11. bis 30.11. Preisänderung nach Drucklegung vorbehalten. Limitiertes Kontingent. Die Lidl Digital Trading GmbH & Co. KG ist bei diesen Angeboten lediglich Vermittler. Reiseanbieter ist Travelcircus GmbH. Vergleichspreis wurden die offiziell vom Reiseanbieter bekanntgegebenen max. Preise pro Mindestaufenthaltsdauer laut Lidl-Reisen-Angebot unter Hinzuzählung der Zusatz- und Nebenkosten zugrunde gelegt."}
{"supermarket": "Lidl", "brand": "Lidl-Reisen", "product_name": "Viva Frida Kahlo immersives Erlebnis", "variant": "Übernachtung im Hey Lou Hotel Monheim (o.ä.), inkl. Frühstück & 1 Ticket für die Ausstellung Viva Frida Kahlo", "pack_size": "1 Nacht", "unit": "p.P.", "pack_count": null, "price": 59.0, "currency": "EUR", "promo_type": "discount", "compare_price": null, "uvp": 77.0, "discount_pct": 23, "valid_from": "2025-11-17", "valid_to": "2025-11-30", "special_validity": null, "notes": "Buchbar von 17.11. bis 30.11. Preisänderung nach Drucklegung vorbehalten. Limitiertes Kontingent. Die Lidl Digital Trading GmbH & Co. KG ist bei diesen Angeboten lediglich Vermittler. Reiseanbieter ist Travelcircus GmbH. Vergleichspreis wurden die offiziell vom Reiseanbieter bekanntgegebenen max. Preise pro Mindestaufenthaltsdauer laut Lidl-Reisen-Angebot unter Hinzuzählung der Zusatz- und Nebenkosten zugrunde gelegt."}
{"supermarket": "Lidl", "brand": "Lidl-Reisen", "product_name": "Thermen Bad Nieuweschans", "variant": "Übernachtung in den Thermen Bad Nieuweschans, inkl. Halbpension & täglicher Eintritt in die Badewelt", "pack_size": "1 Nacht", "unit": "p.P.", "pack_count": null, "price": 99.0, "currency": "EUR", "promo_type": "discount", "compare_price": null, "uvp": 122.0, "discount_pct": 19, "valid_from": "2025-11-17", "valid_to": "2025-11-30", "special_validity": null, "notes": "Buchbar von 17.11. bis 30.11. Preisänderung nach Drucklegung vorbehalten. Limitiertes Kontingent. Die Lidl Digital Trading GmbH & Co. KG ist bei diesen Angeboten lediglich Vermittler. Reiseanbieter ist Travelcircus GmbH. Vergleichspreis wurden die offiziell vom Reiseanbieter bekanntgegebenen max. Preise pro Mindestaufenthaltsdauer laut Lidl-Reisen-Angebot unter Hinzuzählung der Zusatz- und Nebenkosten zugrunde gelegt."}
{"supermarket": "Lidl", "brand": "Lidl-Reisen", "product_name": "Therme Erding Gutschein", "variant": "Übernachtung im Hotel Andante Erding (o.ä.), inkl. Frühstück & 1 Tageskarte für 2 Personen", "pack_size": "1 Nacht", "unit": "Pers.", "pack_count": 2, "price": 158.0, "currency": "EUR", "promo_type": "discount", "compare_price": null, "uvp": 204.0, "discount_pct": 23, "valid_from": "2025-11-17", "valid_to": "2025-11-30", "special_validity": null, "notes": "Gültig für 2 Personen! Buchbar von 17.11. bis 30.11. Preisänderung nach Drucklegung vorbehalten. Limitiertes Kontingent. Die Lidl Digital Trading GmbH & Co. KG ist bei diesen Angeboten lediglich Vermittler. Reiseanbieter ist Travelcircus GmbH. Vergleichspreis wurden die offiziell vom Reiseanbieter bekanntgegebenen max. Preise pro Mindestaufenthaltsdauer laut Lidl-Reisen-Angebot unter Hinzuzählung der Zusatz- und Nebenkosten zugrunde gelegt. Gutscheinbedingungen und weitere Details unter: https://www.travelcircus.de/therme-erding-gutschein."}
{"supermarket": "Lidl", "brand": "Philips", "product_name": "Heißluftfritteuse", "variant": "Typ „Essential XL HD9270/70“", "pack_size": null, "unit": "Stück", "pack_count": null, "price": 79.21, "currency": "EUR", "promo_type": "coupon", "compare_price": null, "uvp": 89.0, "discount_pct": 11, "valid_from": "2025-11-11", "valid_to": "2025-11-11", "special_validity": null, "notes": "Nur online. Mit Lidl Plus App 11% Rabatt-Coupon. Coupon gilt am 11.11.2025 für einen Einkauf im Onlineshop. Nicht gültig für Lidl Fotos, Lidl Reisen, Lidl Connect & Partner, Bücher & Medien, Versandkosten. Begrenzte Vorratsmenge. Es gelten die Couponbedingungen in der Lidl Plus App."}
{"supermarket": "Lidl", "brand": "Philips", "product_name": "Staubsauger", "variant": "Typ „2000 Series XC2011/01“", "pack_size": null, "unit": "Stück", "pack_count": null, "price": 132.61, "currency": "EUR", "promo_type": "coupon", "compare_price": null, "uvp": 149.0, "discount_pct": 11, "valid_from": "2025-11-11", "valid_to": "2025-11-11", "special_validity": null, "notes": "Nur online. Mit Lidl Plus App 11% Rabatt-Coupon. Coupon gilt am 11.11.2025 für einen Einkauf im Onlineshop. Nicht gültig für Lidl Fotos, Lidl Reisen, Lidl Connect & Partner, Bücher & Medien, Versandkosten. Begrenzte Vorratsmenge. Es gelten die Couponbedingungen in der Lidl Plus App."}
{"supermarket": "Lidl", "brand": "Crivit", "product_name": "Urban E-Bike", "variant": "Modell „Y.2“", "pack_size": null, "unit": "Stück", "pack_count": null, "price": 1423.11, "currency": "EUR", "promo_type": "coupon", "compare_price": null, "uvp": 1599.0, "discount_pct": 11, "valid_from": "2025-11-11", "valid_to": "2025-11-11", "special_validity": null, "notes": "Nur online. Mit Lidl Plus App 11% Rabatt-Coupon. Coupon gilt am 11.11.2025 für einen Einkauf im Onlineshop. Nicht gültig für Lidl Fotos, Lidl Reisen, Lidl Connect & Partner, Bücher & Medien, Versandkosten. Begrenzte Vorratsmenge. Es gelten die Couponbedingungen in der Lidl Plus App."}
{"supermarket": "Lidl", "brand": "Fjödur", "product_name": "4-Jahreszeiten-Daunendecke", "variant": null, "pack_size": "ca. 135 x 200 cm", "unit": "Stück", "pack_count": null, "price": 114.81, "currency": "EUR", "promo_type": "coupon", "compare_price": null, "uvp": 129.0, "discount_pct": 11, "valid_from": "2025-11-11", "valid_to": "2025-11-11", "special_validity": null, "notes": "Nur online. Mit Lidl Plus App 11% Rabatt-Coupon. Coupon gilt am 11.11.2025 für einen Einkauf im Onlineshop. Nicht gültig für Lidl Fotos, Lidl Reisen, Lidl Connect & Partner, Bücher & Medien, Versandkosten. Begrenzte Vorratsmenge. Es gelten die Couponbedingungen in der Lidl Plus App."}
{"supermarket": "Lidl", "brand": "Parkside", "product_name": "20-V-Akku-Drehschlagschrauber", "variant": "Typ „Kfz PASSK 20-Li C4“", "pack_size": null, "unit": "Stück", "pack_count": null, "price": 44.49, "currency": "EUR", "promo_type": "coupon", "compare_price": null, "uvp": 49.99, "discount_pct": 11, "valid_from": "2025-11-11", "valid_to": "2025-11-11", "special_validity": null, "notes": "Nur online. Ohne Akku/Ladegerät. Mit Lidl Plus App 11% Rabatt-Coupon. Coupon gilt am 11.11.2025 für einen Einkauf im Onlineshop. Nicht gültig für Lidl Fotos, Lidl Reisen, Lidl Connect & Partner, Bücher & Medien, Versandkosten. Begrenzte Vorratsmenge. Es gelten die Couponbedingungen in der Lidl Plus App."}
{"supermarket": "Lidl", "brand": "Bayer", "product_name": "Kombi-Puppenwagen", "variant": "Modell „Xeo Mega-Set“", "pack_size": null, "unit": "Set", "pack_count": null, "price": 66.74, "currency": "EUR", "promo_type": "coupon", "compare_price": null, "uvp": 74.99, "discount_pct": 11, "valid_from": "2025-11-11", "valid_to": "2025-11-11", "special_validity": null, "notes": "Nur online. Mit Lidl Plus App 11% Rabatt-Coupon. Coupon gilt am 11.11.2025 für einen Einkauf im Onlineshop. Nicht gültig für Lidl Fotos, Lidl Reisen, Lidl Connect & Partner, Bücher & Medien, Versandkosten. Begrenzte Vorratsmenge. Es gelten die Couponbedingungen in der Lidl Plus App."}
```

-----

# 
```jsonl
{"supermarket": "Lidl", "brand": "Bissell", "product_name": "Nass-/Trockensauger", "variant": "Crosswave Pet Pro 2225N", "pack_size": null, "unit": "Stück", "pack_count": null, "price": 189.0, "currency": "EUR", "promo_type": "Discount", "compare_price": "Lidl Ratenzahlung 11.80 € pro Monat, Laufzeit 18 MonateB, Gesamtpreis 212.35", "uvp": 409.99, "discount_pct": 53, "valid_from": "2025-11-13", "valid_to": "2025-11-15", "special_validity": null, "notes": "Inkl. 1 Liter Multi-Oberflächen-Reinigungs-lösung; Nur online"}
{"supermarket": "Lidl", "brand": "AEG", "product_name": "Akku-Staubsauger", "variant": "6000 - AP61CB21DB", "pack_size": null, "unit": "Stück", "pack_count": null, "price": 129.0, "currency": "EUR", "promo_type": "Discount", "compare_price": "Lidl Ratenzahlung 11.93 € pro Monat, Laufzeit 12 MonateB, Gesamtpreis 143.12", "uvp": 249.95, "discount_pct": 48, "valid_from": "2025-11-13", "valid_to": "2025-11-15", "special_validity": null, "notes": "Nur online; 21,6 V; 5-stufige Filtration Cyclon-Technologie; 3 Leistungsstufen; Entnehmbarer 21,6 V Lithium-Akku (2.500 mAh); Laufzeit: bis zu 40 Min. (Min-Modus); PowerPro Multi-Bodendüse mit LED-Licht; Inkl. Möbelbürste und Wandhalterung"}
{"supermarket": "Lidl", "brand": "Bissell", "product_name": "Teppich- und Polsterreiniger", "variant": "SpotClean Pet Select", "pack_size": null, "unit": "Stück", "pack_count": null, "price": 129.0, "currency": "EUR", "promo_type": "Discount", "compare_price": "Lidl Ratenzahlung 11.93 € pro Monat, Laufzeit 12 MonateB, Gesamtpreis 143.12", "uvp": 199.0, "discount_pct": 35, "valid_from": "2025-11-13", "valid_to": "2025-11-15", "special_validity": null, "notes": "Inkl. 236 ml Pet Stain & Outdoor Reinigungs-mittel; Nur online; 330 W"}
{"supermarket": "Lidl", "brand": "Ecovacs", "product_name": "Saug- und Wischroboter", "variant": "Deebot T50 Omni", "pack_size": null, "unit": "Stück", "pack_count": null, "price": 439.0, "currency": "EUR", "promo_type": "Discount", "compare_price": "Lidl Ratenzahlung 20.74 € pro Monat, Laufzeit 24 MonateB, Gesamtpreis 497.67", "uvp": 699.0, "discount_pct": 37, "valid_from": "2025-11-13", "valid_to": "2025-11-15", "special_validity": null, "notes": "Nur online"}
{"supermarket": "Lidl", "brand": "Tefal", "product_name": "Hochdruck-Dampfbügelstation", "variant": "Pro Express ULTIMATE II GV9721", "pack_size": null, "unit": "Stück", "pack_count": null, "price": 229.0, "currency": "EUR", "promo_type": "Lidl Plus", "compare_price": "Lidl Ratenzahlung 13.28 € pro Monat, Laufzeit 24 MonateB, Gesamtpreis 318.71", "uvp": 579.99, "discount_pct": 51, "valid_from": "2025-10-31", "valid_to": "2025-11-16", "special_validity": "Gültig von 31.10.-16.11.", "notes": "Nur online; 3.000 W; Durilium Airglide Autoclean Ultra Thin Bügelsohle; Mit 3 Bügelprogrammen, Anti-Tropf-System und Anti-Kalk-Kollektor; 0-170 g/min. variable Dampfmenge; 600 g/min. Extra-Dampfstoß"}
{"supermarket": "Lidl", "brand": "Silvercrest", "product_name": "Staubsauger", "variant": "SBZBK 850 B2", "pack_size": null, "unit": "Stück", "pack_count": null, "price": 49.99, "currency": "EUR", "promo_type": "Discount", "compare_price": null, "uvp": 64.99, "discount_pct": 23, "valid_from": "2025-11-13", "valid_to": "2025-11-15", "special_validity": null, "notes": "Nur online; 850 W; Zyklon-Technologie für Saugen ohne Beutel; Einfache Entleerung des Staubbehälters per Knopfdruck (Volumen: ca. 0,6 l); Aktionsradius: ca. 7 m"}
{"supermarket": "Lidl", "brand": "Bioland", "product_name": "Wetteräpfel", "variant": "Santana, Elstar, Gala, Jonagold", "pack_size": "1", "unit": "kg", "pack_count": null, "price": 2.19, "currency": "EUR", "promo_type": null, "compare_price": null, "uvp": null, "discount_pct": null, "valid_from": "2025-11-13", "valid_to": "2025-11-15", "special_validity": null, "notes": "Ursprung: Deutschland/Italien; Klasse I"}
{"supermarket": "Lidl", "brand": null, "product_name": "Rote Äpfel", "variant": "Gala", "pack_size": "1", "unit": "kg", "pack_count": null, "price": 1.49, "currency": "EUR", "promo_type": null, "compare_price": null, "uvp": null, "discount_pct": null, "valid_from": "2025-11-13", "valid_to": "2025-11-15", "special_validity": null, "notes": "Fruchtig-süß; Ursprung: Deutschland/Italien/Österreich; Klasse I"}
{"supermarket": "Lidl", "brand": null, "product_name": "Birnen", "variant": "Rocha", "pack_size": "1", "unit": "kg", "pack_count": null, "price": 1.99, "currency": "EUR", "promo_type": "Discount", "compare_price": null, "uvp": null, "discount_pct": 20, "valid_from": "2025-11-13", "valid_to": "2025-11-15", "special_validity": null, "notes": "Ursprung: Portugal; Klasse I; Previous price: 2.49"}
{"supermarket": "Lidl", "brand": null, "product_name": "XXL Birnen", "variant": "Alexander Lucas", "pack_size": "1.5", "unit": "kg", "pack_count": null, "price": 1.99, "currency": "EUR", "promo_type": null, "compare_price": "1 kg = 1.33", "uvp": null, "discount_pct": null, "valid_from": "2025-11-13", "valid_to": "2025-11-15", "special_validity": null, "notes": "Ursprung: Niederlande/Belgien; Klasse I"}
{"supermarket": "Lidl", "brand": null, "product_name": "XXL Deutsche rote Äpfel", "variant": "Elstar, Jonagold, Braeburn", "pack_size": "3", "unit": "kg", "pack_count": null, "price": 2.79, "currency": "EUR", "promo_type": "Discount", "compare_price": "1 kg = -.93", "uvp": null, "discount_pct": 30, "valid_from": "2025-11-13", "valid_to": "2025-11-15", "special_validity": null, "notes": "Previous price: 3.99"}
{"supermarket": "Lidl", "brand": "Metzgerfrisch", "product_name": "Puten-Mittelflügel", "variant": "Gewürzt", "pack_size": "1.2", "unit": "kg", "pack_count": null, "price": 4.99, "currency": "EUR", "promo_type": null, "compare_price": "1 kg = 4.16", "uvp": null, "discount_pct": null, "valid_from": "2025-11-13", "valid_to": "2025-11-15", "special_validity": null, "notes": null}
{"supermarket": "Lidl", "brand": "Metzgerfrisch", "product_name": "Frisches Teufels-Hähnchen", "variant": "Gewürzt. In Aluschale.", "pack_size": "1.3", "unit": "kg", "pack_count": null, "price": 5.99, "currency": "EUR", "promo_type": null, "compare_price": "1 kg = 4.61", "uvp": null, "discount_pct": null, "valid_from": "2025-11-13", "valid_to": "2025-11-15", "special_validity": null, "notes": null}
{"supermarket": "Lidl", "brand": "Metzgerfrisch", "product_name": "Frische Puten-Ministeaks", "variant": null, "pack_size": "800", "unit": "g", "pack_count": null, "price": 6.99, "currency": "EUR", "promo_type": "Discount", "compare_price": "1 kg = 8.74", "uvp": null, "discount_pct": 25, "valid_from": "2025-11-13", "valid_to": "2025-11-15", "special_validity": null, "notes": "Standardpackung: 400 g"}
{"supermarket": "Lidl", "brand": "Deluxe", "product_name": "ASC ganzer Seesaibling", "variant": null, "pack_size": "750", "unit": "g", "pack_count": null, "price": 10.50, "currency": "EUR", "promo_type": "Aktion", "compare_price": "kg-Preis = 13.99", "uvp": null, "discount_pct": null, "valid_from": "2025-11-13", "valid_to": "2025-11-15", "special_validity": null, "notes": "Frischer Fisch, nie gefroren; * Dieser Artikel kann aufgrund begrenzter Vorratsmenge bereits im Laufe des ersten Angebotstages ausverkauft sein"}
{"supermarket": "Lidl", "brand": "Metzgerfrisch", "product_name": "Premium Kalbskotelett natur", "variant": null, "pack_size": "250", "unit": "g", "pack_count": null, "price": 5.25, "currency": "EUR", "promo_type": "Aktion", "compare_price": "kg-Preis = 20.99", "uvp": null, "discount_pct": null, "valid_from": "2025-11-13", "valid_to": "2025-11-15", "special_validity": null, "notes": "* Dieser Artikel kann aufgrund begrenzter Vorratsmenge bereits im Laufe des ersten Angebotstages ausverkauft sein"}
{"supermarket": "Lidl", "brand": "Metzgerfrisch", "product_name": "Frische Schweineschnitzel", "variant": null, "pack_size": "800", "unit": "g", "pack_count": null, "price": 5.99, "currency": "EUR", "promo_type": "Discount", "compare_price": "1 kg = 7.49", "uvp": null, "discount_pct": 24, "valid_from": "2025-11-13", "valid_to": "2025-11-15", "special_validity": null, "notes": "Standardpackung: 600 g"}
{"supermarket": "Lidl", "brand": "Metzgerfrisch", "product_name": "Rinder-Minutensteaks", "variant": "Vom Jungbullen", "pack_size": "640", "unit": "g", "pack_count": null, "price": 9.99, "currency": "EUR", "promo_type": null, "compare_price": "1 kg = 15.61", "uvp": null, "discount_pct": null, "valid_from": "2025-11-13", "valid_to": "2025-11-15", "special_validity": null, "notes": null}
{"supermarket": "Lidl", "brand": "Metzgerfrisch", "product_name": "Hähnchen-Hackfleisch", "variant": "Gewürzt", "pack_size": "800", "unit": "g", "pack_count": null, "price": 4.99, "currency": "EUR", "promo_type": null, "compare_price": "1 kg = 6.24", "uvp": null, "discount_pct": null, "valid_from": "2025-11-13", "valid_to": "2025-11-15", "special_validity": null, "notes": null}
{"supermarket": "Lidl", "brand": "Metzgerfrisch", "product_name": "Frische Schweine-Nackenkoteletts", "variant": "Mit Knochen", "pack_size": "1", "unit": "kg", "pack_count": null, "price": 5.69, "currency": "EUR", "promo_type": "Discount", "compare_price": null, "uvp": null, "discount_pct": 15, "valid_from": "2025-11-13", "valid_to": "2025-11-15", "special_validity": null, "notes": "Standardpackung: 700 g"}
{"supermarket": "Lidl", "brand": "Volvic", "product_name": "Tee/Touch", "variant": "Versch. Sorten", "pack_size": "1.5", "unit": "Liter", "pack_count": null, "price": 0.99, "currency": "EUR", "promo_type": "Discount", "compare_price": "1 l = -.66", "uvp": null, "discount_pct": 47, "valid_from": "2025-11-13", "valid_to": "2025-11-15", "special_validity": null, "notes": "zzgl. 0.25 Pfand; Tiefpreis Garantie; Previous price: 1.89"}
{"supermarket": "Lidl", "brand": null, "product_name": "Snickers/Twix/Mars", "variant": "Twix in versch. Sorten", "pack_size": "500/450", "unit": "g", "pack_count": null, "price": 3.49, "currency": "EUR", "promo_type": "Discount", "compare_price": "1 kg = 6.98/7.76", "uvp": 5.79, "discount_pct": 39, "valid_from": "2025-11-13", "valid_to": "2025-11-15", "special_validity": null, "notes": "10er-Pack; Tiefpreis Garantie; Standardpackung: 225/250 g"}
{"supermarket": "Lidl", "brand": "Herta", "product_name": "Finesse", "variant": "Versch. Sorten", "pack_size": "100", "unit": "g", "pack_count": null, "price": 1.39, "currency": "EUR", "promo_type": "Discount", "compare_price": "1 kg = 13.90", "uvp": null, "discount_pct": 46, "valid_from": "2025-11-13", "valid_to": "2025-11-15", "special_validity": null, "notes": "Previous price: 2.59"}
{"supermarket": "Lidl", "brand": "Zott", "product_name": "Sahne-joghurt", "variant": "Versch. Sorten", "pack_size": "140", "unit": "g", "pack_count": null, "price": 0.49, "currency": "EUR", "promo_type": "Discount", "compare_price": "1 kg = 3.50", "uvp": 0.89, "discount_pct": 44, "valid_from": "2025-11-13", "valid_to": "2025-11-15", "special_validity": null, "notes": null}
{"supermarket": "Lidl", "brand": "Chio", "product_name": "Tortillas", "variant": "Versch. Sorten", "pack_size": "225", "unit": "g", "pack_count": null, "price": 1.79, "currency": "EUR", "promo_type": "Discount", "compare_price": "1 kg = 7.96", "uvp": null, "discount_pct": 46, "valid_from": "2025-11-13", "valid_to": "2025-11-15", "special_validity": null, "notes": "Im Aufsteller; Standardpackung: 200 g"}
{"supermarket": "Lidl", "brand": "7DAYS", "product_name": "Croissants", "variant": "Versch. Sorten", "pack_size": "240/185", "unit": "g", "pack_count": null, "price": 1.79, "currency": "EUR", "promo_type": "Discount", "compare_price": "1 kg = 7.46/9.68", "uvp": 2.69, "discount_pct": 33, "valid_from": "2025-11-13", "valid_to": "2025-11-15", "special_validity": null, "notes": null}
{"supermarket": "Lidl", "brand": "Nestlé", "product_name": "Minis", "variant": "Versch. Sorten", "pack_size": "252/233/201", "unit": "g", "pack_count": null, "price": 2.79, "currency": "EUR", "promo_type": "Discount", "compare_price": "1 kg = 11.07/11.97/13.88", "uvp": 4.79, "discount_pct": 41, "valid_from": "2025-11-13", "valid_to": "2025-11-15", "special_validity": null, "notes": "Im Aufsteller"}
{"supermarket": "Lidl", "brand": "Ocean Sea", "product_name": "Norwegische Lachs Filetportionen", "variant": "Ohne Haut", "pack_size": "2x 125", "unit": "g", "pack_count": null, "price": 4.39, "currency": "EUR", "promo_type": "Lidl Plus", "compare_price": "1 kg = 17.56", "uvp": null, "discount_pct": 20, "valid_from": "2025-11-13", "valid_to": "2025-11-15", "special_validity": null, "notes": "Normalpreis: 5.49; 1 kg = 21.96"}
{"supermarket": "Lidl", "brand": "Kinder", "product_name": "Mix Weihnachts-Minis", "variant": "Versch. Motive", "pack_size": "153", "unit": "g", "pack_count": null, "price": 4.29, "currency": "EUR", "promo_type": "Aktion", "compare_price": "1 kg = 28.04", "uvp": null, "discount_pct": null, "valid_from": "2025-11-13", "valid_to": "2025-11-15", "special_validity": null, "notes": "Im Aufsteller; * Dieser Artikel kann aufgrund begrenzter Vorratsmenge bereits im Laufe des ersten Angebotstages ausverkauft sein"}
{"supermarket": "Lidl", "brand": "Kinder", "product_name": "Schokolade Herz mit Überraschung/Bunny Eggs", "variant": null, "pack_size": "53/80", "unit": "g", "pack_count": null, "price": 2.49, "currency": "EUR", "promo_type": "Aktion", "compare_price": "1 kg = 46.98/31.13", "uvp": null, "discount_pct": null, "valid_from": "2025-11-13", "valid_to": "2025-11-15", "special_validity": null, "notes": "Im Aufsteller; * Dieser Artikel kann aufgrund begrenzter Vorratsmenge bereits im Laufe des ersten Angebotstages ausverkauft sein"}
{"supermarket": "Lidl", "brand": "Rougette", "product_name": "Ofenkäse", "variant": "Versch. Sorten", "pack_size": "320", "unit": "g", "pack_count": null, "price": 3.99, "currency": "EUR", "promo_type": "Lidl Plus", "compare_price": "1 kg = 12.47", "uvp": null, "discount_pct": 33, "valid_from": "2025-11-13", "valid_to": "2025-11-15", "special_validity": null, "notes": "Normalpreis: 5.99; 1 kg = 18.72"}
{"supermarket": "Lidl", "brand": "Maltesers", "product_name": null, "variant": null, "pack_size": "175", "unit": "g", "pack_count": null, "price": 2.49, "currency": "EUR", "promo_type": "Discount", "compare_price": "1 kg = 14.23", "uvp": 4.39, "discount_pct": 43, "valid_from": "2025-11-13", "valid_to": "2025-11-15", "special_validity": null, "notes": "Im Aufsteller"}
{"supermarket": "Lidl", "brand": "Ritter Sport", "product_name": "Knusperstück", "variant": "Versch. Sorten. Enthält Alkohol", "pack_size": "200", "unit": "g", "pack_count": null, "price": 2.99, "currency": "EUR", "promo_type": "Discount", "compare_price": "1 kg = 14.95", "uvp": 4.29, "discount_pct": 30, "valid_from": "2025-11-13", "valid_to": "2025-11-15", "special_validity": null, "notes": null}
{"supermarket": "Lidl", "brand": "Käfer", "product_name": "Kaffee ganze Bohne", "variant": "Versch. Sorten", "pack_size": "1", "unit": "kg", "pack_count": null, "price": 12.99, "currency": "EUR", "promo_type": "Lidl Plus", "compare_price": null, "uvp": null, "discount_pct": 13, "valid_from": "2025-11-13", "valid_to": "2025-11-15", "special_validity": null, "notes": "Normalpreis: 14.99"}
{"supermarket": "Lidl", "brand": "Punica", "product_name": "Fruchtsaftgetränk", "variant": "Versch. Sorten", "pack_size": "1", "unit": "Liter", "pack_count": null, "price": 1.49, "currency": "EUR", "promo_type": "Discount", "compare_price": null, "uvp": 1.99, "discount_pct": 25, "valid_from": "2025-11-13", "valid_to": "2025-11-15", "special_validity": null, "notes": "Im Aufsteller; zzgl. 0.25 Pfand; * Dieser Artikel kann aufgrund begrenzter Vorratsmenge bereits im Laufe des ersten Angebotstages ausverkauft sein"}
{"supermarket": "Lidl", "brand": "Somat", "product_name": "Tabs/Caps", "variant": "Versch. Sorten", "pack_size": "100/72/84", "unit": "Stück", "pack_count": null, "price": 12.99, "currency": "EUR", "promo_type": "Discount", "compare_price": "1 Tab = -.13/-.18/-.16", "uvp": 15.49, "discount_pct": 16, "valid_from": "2025-11-13", "valid_to": "2025-11-15", "special_validity": null, "notes": "Somat vorsichtig verwenden. Vor Gebrauch stets Etikett und Produktinformationen lesen."}
{"supermarket": "Lidl", "brand": "Innocent", "product_name": "Direktsaft Orange", "variant": "Versch. Sorten", "pack_size": "900", "unit": "ml", "pack_count": null, "price": 2.69, "currency": "EUR", "promo_type": "Lidl Plus", "compare_price": "1 l = 2.99", "uvp": null, "discount_pct": 32, "valid_from": "2025-11-13", "valid_to": "2025-11-15", "special_validity": null, "notes": "zzgl. 0.25 Pfand; Normalpreis: 3.99; 1 l = 4.43; * Dieser Artikel kann aufgrund begrenzter Vorratsmenge bereits im Laufe des ersten Angebotstages ausverkauft sein"}
{"supermarket": "Lidl", "brand": "Müller", "product_name": "Milchreis", "variant": "Versch. Sorten", "pack_size": "200", "unit": "g", "pack_count": null, "price": 0.49, "currency": "EUR", "promo_type": "Discount", "compare_price": "1 kg = 2.45", "uvp": 0.99, "discount_pct": 50, "valid_from": "2025-11-13", "valid_to": "2025-11-15", "special_validity": null, "notes": null}
{"supermarket": "Lidl", "brand": "Zott", "product_name": "Monte Snack", "variant": "Versch. Sorten", "pack_size": "232", "unit": "g", "pack_count": 8, "pack_count": 8, "price": 1.89, "currency": "EUR", "promo_type": "Discount", "compare_price": "1 kg = 8.15", "uvp": 2.69, "discount_pct": 29, "valid_from": "2025-11-13", "valid_to": "2025-11-15", "special_validity": null, "notes": "8er-Pack"}
{"supermarket": "Lidl", "brand": "Kinder", "product_name": "Schokolade Tafel", "variant": null, "pack_size": "150", "unit": "g", "pack_count": null, "price": 2.39, "currency": "EUR", "promo_type": "Aktion", "compare_price": "1 kg = 15.93", "uvp": null, "discount_pct": null, "valid_from": "2025-11-13", "valid_to": "2025-11-15", "special_validity": null, "notes": "Im Aufsteller; * Dieser Artikel kann aufgrund begrenzter Vorratsmenge bereits im Laufe des ersten Angebotstages ausverkauft sein"}
{"supermarket": "Lidl", "brand": "Oreo/Milka", "product_name": "Crunchies/Choco Mini Cookies", "variant": "Crunchies in versch. Sorten", "pack_size": "110", "unit": "g", "pack_count": null, "price": 1.49, "currency": "EUR", "promo_type": "Discount", "compare_price": "1 kg = 13.55", "uvp": 1.99, "discount_pct": 25, "valid_from": "2025-11-13", "valid_to": "2025-11-15", "special_validity": null, "notes": null}
{"supermarket": "Lidl", "brand": "Kinder", "product_name": "Schokolade kleine Hohlfigur mit Überraschung", "variant": null, "pack_size": "36", "unit": "g", "pack_count": null, "price": 1.89, "currency": "EUR", "promo_type": "Aktion", "compare_price": "1 kg = 52.50", "uvp": null, "discount_pct": null, "valid_from": "2025-11-13", "valid_to": "2025-11-15", "special_validity": null, "notes": "Im Aufsteller; * Dieser Artikel kann aufgrund begrenzter Vorratsmenge bereits im Laufe des ersten Angebotstages ausverkauft sein"}
{"supermarket": "Lidl", "brand": "Kinder", "product_name": "Kleine Weihnachtsmänner", "variant": null, "pack_size": "3x 15", "unit": "g", "pack_count": 3, "price": 1.99, "currency": "EUR", "promo_type": null, "compare_price": "1 kg = 44.22", "uvp": null, "discount_pct": null, "valid_from": "2025-11-13", "valid_to": "2025-11-15", "special_validity": null, "notes": "Im Aufsteller; 3er-Pack"}
{"supermarket": "Lidl", "brand": "Mondamin", "product_name": "Grießbrei Klassische Art", "variant": null, "pack_size": "107", "unit": "g", "pack_count": null, "price": 0.99, "currency": "EUR", "promo_type": "Discount", "compare_price": "1 kg = 9.25", "uvp": 1.49, "discount_pct": 33, "valid_from": "2025-11-13", "valid_to": "2025-11-15", "special_validity": null, "notes": "+ 20% gratis"}
{"supermarket": "Lidl", "brand": "Trolli", "product_name": "Winterland", "variant": null, "pack_size": "360", "unit": "g", "pack_count": null, "price": 2.99, "currency": "EUR", "promo_type": "Aktion", "compare_price": "1 kg = 8.31", "uvp": null, "discount_pct": null, "valid_from": "2025-11-13", "valid_to": "2025-11-15", "special_validity": null, "notes": "* Dieser Artikel kann aufgrund begrenzter Vorratsmenge bereits im Laufe des ersten Angebotstages ausverkauft sein"}
{"supermarket": "Lidl", "brand": "Hosta", "product_name": "Mr. Tom", "variant": null, "pack_size": "160", "unit": "g", "pack_count": null, "price": 1.69, "currency": "EUR", "promo_type": "Discount", "compare_price": "1 kg = 10.56", "uvp": 2.19, "discount_pct": 22, "valid_from": "2025-11-13", "valid_to": "2025-11-15", "special_validity": null, "notes": "4er-Pack"}
{"supermarket": "Lidl", "brand": "Jim Beam", "product_name": "Kentucky Straight Bourbon Whiskey/Liqueur", "variant": "40/32,5% vol. Liqueur in versch. Sorten", "pack_size": "0.7", "unit": "Liter", "pack_count": null, "price": 10.99, "currency": "EUR", "promo_type": "Discount", "compare_price": "1 l = 15.70", "uvp": 15.99, "discount_pct": 31, "valid_from": "2025-11-13", "valid_to": "2025-11-15", "special_validity": null, "notes": null}
{"supermarket": "Lidl", "brand": "Iglo", "product_name": "Rahm-Spinat", "variant": null, "pack_size": "750", "unit": "g", "pack_count": null, "price": 1.99, "currency": "EUR", "promo_type": "Discount", "compare_price": "1 kg = 2.65", "uvp": null, "discount_pct": 42, "valid_from": "2025-11-13", "valid_to": "2025-11-15", "special_validity": null, "notes": "Previous price: 3.49"}
{"supermarket": "Lidl", "brand": "Costa", "product_name": "Fertiggericht", "variant": "Versch. Sorten", "pack_size": "450/400", "unit": "g", "pack_count": null, "price": 3.49, "currency": "EUR", "promo_type": "Discount", "compare_price": "1 kg = 7.76/8.73", "uvp": 4.79, "discount_pct": 27, "valid_from": "2025-11-13", "valid_to": "2025-11-15", "special_validity": null, "notes": null}
{"supermarket": "Lidl", "brand": "Cien", "product_name": "Age Beauty Tagespflege", "variant": null, "pack_size": "50", "unit": "ml", "pack_count": null, "price": 2.69, "currency": "EUR", "promo_type": "Lidl Plus", "compare_price": "1 l = 53.80", "uvp": null, "discount_pct": 31, "valid_from": "2025-11-13", "valid_to": "2025-11-15", "special_validity": null, "notes": "Normalpreis: 3.95; 1 l = 79.00"}
{"supermarket": "Lidl", "brand": "Bürger", "product_name": "Gnocchi XXL", "variant": "Versch. Sorten", "pack_size": "1", "unit": "kg", "pack_count": null, "price": 3.49, "currency": "EUR", "promo_type": "Discount", "compare_price": null, "uvp": 4.99, "discount_pct": 30, "valid_from": "2025-11-13", "valid_to": "2025-11-15", "special_validity": null, "notes": "* Dieser Artikel kann aufgrund begrenzter Vorratsmenge bereits im Laufe des ersten Angebotstages ausverkauft sein"}
{"supermarket": "Lidl", "brand": "Surig", "product_name": "Essig-Essenz", "variant": null, "pack_size": "450", "unit": "g", "pack_count": null, "price": 1.11, "currency": "EUR", "promo_type": "Discount", "compare_price": "1 kg = 2.47", "uvp": null, "discount_pct": 33, "valid_from": "2025-11-13", "valid_to": "2025-11-15", "special_validity": null, "notes": "+50 g gratis; Standardpackung: 400 g"}
{"supermarket": "Lidl", "brand": "Pril", "product_name": "Geschirrspülmittel XXL", "variant": "Versch. Sorten", "pack_size": "1.2", "unit": "Liter", "pack_count": null, "price": 2.89, "currency": "EUR", "promo_type": "Discount", "compare_price": "1 l = 2.41", "uvp": null, "discount_pct": 25, "valid_from": "2025-11-13", "valid_to": "2025-11-15", "special_validity": null, "notes": "Standardpackung: 600 ml"}
{"supermarket": "Lidl", "brand": "Bamboo Garden", "product_name": "Mie Nudeln", "variant": null, "pack_size": "250", "unit": "g", "pack_count": null, "price": 0.99, "currency": "EUR", "promo_type": "Discount", "compare_price": "1 kg = 3.96", "uvp": 1.69, "discount_pct": 41, "valid_from": "2025-11-13", "valid_to": "2025-11-15", "special_validity": null, "notes": "Im Aufsteller"}
{"supermarket": "Lidl", "brand": "Bamboo Garden", "product_name": "Sauce", "variant": "Versch. Sorten", "pack_size": "200", "unit": "ml", "pack_count": null, "price": 1.69, "currency": "EUR", "promo_type": "Discount", "compare_price": "1 l = 8.45", "uvp": 2.79, "discount_pct": 39, "valid_from": "2025-11-13", "valid_to": "2025-11-15", "special_validity": null, "notes": "Im Aufsteller"}
{"supermarket": "Lidl", "brand": "Softlan", "product_name": "Weichspüler", "variant": "Versch. Sorten", "pack_size": "2.85", "unit": "Liter", "pack_count": null, "price": 3.49, "currency": "EUR", "promo_type": "Discount", "compare_price": "1 l = 1.22", "uvp": 5.69, "discount_pct": 38, "valid_from": "2025-11-13", "valid_to": "2025-11-15", "special_validity": null, "notes": null}
{"supermarket": "Lidl", "brand": "Sheba", "product_name": "Selection", "variant": "Versch. Sorten. Alleinfuttermittel für ausgewachsene Katzen", "pack_size": "32x 85", "unit": "g", "pack_count": 32, "price": 13.99, "currency": "EUR", "promo_type": "Discount", "compare_price": "1 kg = 5.14", "uvp": 22.99, "discount_pct": 39, "valid_from": "2025-11-13", "valid_to": "2025-11-15", "special_validity": null, "notes": null}
{"supermarket": "Lidl", "brand": "Perfect Fit", "product_name": "Katzen-trockennahrung Adult", "variant": "Alleinfuttermittel für ausgewachsene Katzen. Versch. Sorten", "pack_size": "2.8", "unit": "kg", "pack_count": null, "price": 9.99, "currency": "EUR", "promo_type": "Discount", "compare_price": "1 kg = 3.57", "uvp": 11.99, "discount_pct": 16, "valid_from": "2025-11-13", "valid_to": "2025-11-15", "special_validity": null, "notes": null}
{"supermarket": "Lidl", "brand": "Omo", "product_name": "Waschmittel", "variant": "Flüssig oder Pulver", "pack_size": "100/85", "unit": "Waschladungen", "pack_count": null, "price": 12.99, "currency": "EUR", "promo_type": "Aktion", "compare_price": "1 WL = -.13/-.16", "uvp": null, "discount_pct": null, "valid_from": "2025-11-13", "valid_to": "2025-11-15", "special_validity": null, "notes": "* Dieser Artikel kann aufgrund begrenzter Vorratsmenge bereits im Laufe des ersten Angebotstages ausverkauft sein"}
{"supermarket": "Lidl", "brand": "Alesto", "product_name": "Nüsse", "variant": "Mandeln, Cashewkerne, Walnusskerne, Studentenfutter, Nuss Frucht-Mix", "pack_size": null, "unit": null, "pack_count": null, "price": null, "currency": "EUR", "promo_type": "Lidl Plus", "compare_price": null, "uvp": null, "discount_pct": 15, "valid_from": "2025-11-14", "valid_to": "2025-11-15", "special_validity": null, "notes": "auf alle Nüsse von Alesto mit Lidl Plus"}
{"supermarket": "Lidl", "brand": "Metzgerfrisch", "product_name": "Cordon Bleu-Schnitte", "variant": "Vom Schwein", "pack_size": "1", "unit": "kg", "pack_count": null, "price": 6.99, "currency": "EUR", "promo_type": null, "compare_price": null, "uvp": null, "discount_pct": null, "valid_from": "2025-11-14", "valid_to": "2025-11-15", "special_validity": null, "notes": null}
{"supermarket": "Lidl", "brand": "Nescafé", "product_name": "Classic", "variant": "Versch. Sorten", "pack_size": "200", "unit": "g", "pack_count": null, "price": 4.49, "currency": "EUR", "promo_type": "Discount", "compare_price": "1 kg = 22.45", "uvp": 8.99, "discount_pct": 50, "valid_from": "2025-11-14", "valid_to": "2025-11-15", "special_validity": null, "notes": "Im Aufsteller; Tiefpreis Garantie"}
{"supermarket": "Lidl", "brand": "Rama", "product_name": null, "variant": null, "pack_size": "400", "unit": "g", "pack_count": null, "price": 1.11, "currency": "EUR", "promo_type": "Discount", "compare_price": "1 kg = 2.78", "uvp": 2.19, "discount_pct": 49, "valid_from": "2025-11-14", "valid_to": "2025-11-15", "special_validity": null, "notes": "Tiefpreis Garantie"}
{"supermarket": "Lidl", "brand": "Hohes C", "product_name": "Super Shots", "variant": "Versch. Sorten", "pack_size": "330", "unit": "ml", "pack_count": null, "price": 1.69, "currency": "EUR", "promo_type": "Discount", "compare_price": "1 l = 5.12", "uvp": 2.69, "discount_pct": 37, "valid_from": "2025-11-14", "valid_to": "2025-11-15", "special_validity": null, "notes": "Im Aufsteller; zzgl. 0.25 Pfand; Tiefpreis Garantie"}
{"supermarket": "Lidl", "brand": "Rügenwalder Mühle", "product_name": "Leberwurst/Teewurst", "variant": "Versch. Sorten", "pack_size": "125", "unit": "g", "pack_count": null, "price": 1.49, "currency": "EUR", "promo_type": "Discount", "compare_price": "1 kg = 11.92", "uvp": 2.69, "discount_pct": 44, "valid_from": "2025-11-14", "valid_to": "2025-11-15", "special_validity": null, "notes": "Tiefpreis Garantie"}
```

-----

# 
```json
{"supermarket": "Lidl", "brand": "Esmara Men", "product_name": "Feinripp-Unterziehshirts", "variant": null, "pack_size": null, "unit": null, "pack_count": 2, "price": 6.99, "currency": "EUR", "promo_type": "discount", "compare_price": null, "uvp": 8.99, "discount_pct": 22, "valid_from": "2025-11-10", "valid_to": "2025-11-15", "special_validity": null, "notes": "In Feinripp-Qualität. Reine Baumwolle. Größen: 5 (M)-7 (XL). Je 2 Stück. FLetzter Preis auf lidl.de zum Drucktermin"}
{"supermarket": "Lidl", "brand": "Esmara Men/Livergy®", "product_name": "Boxer", "variant": null, "pack_size": null, "unit": null, "pack_count": 3, "price": 3.99, "currency": "EUR", "promo_type": null, "compare_price": null, "uvp": null, "discount_pct": null, "valid_from": "2025-11-10", "valid_to": "2025-11-15", "special_validity": null, "notes": "Baumwolle und Elasthan (LYCRA®). Größen: 5 (M)-10 (4 XL). Je 3 Stück. Größen 8 (2XL)-10 (4XL, nur in der Filiale erhältlich."}
{"supermarket": "Lidl", "brand": "Esmara Men", "product_name": "Feinripp-Achselhemden", "variant": null, "pack_size": null, "unit": null, "pack_count": 3, "price": 7.49, "currency": "EUR", "promo_type": "discount", "compare_price": null, "uvp": 9.99, "discount_pct": 25, "valid_from": "2025-11-10", "valid_to": "2025-11-15", "special_validity": null, "notes": "Mit verlängertem Rücken. In Feinripp-Qualität. Reine Baumwolle. Größen: 5 (M)-7 (XL). Je 3 Stück. FLetzter Preis auf lidl.de zum Drucktermin"}
{"supermarket": "Lidl", "brand": "Esmara Men", "product_name": "Lange Unterhose", "variant": null, "pack_size": null, "unit": null, "pack_count": 2, "price": 7.99, "currency": "EUR", "promo_type": "discount", "compare_price": null, "uvp": 9.99, "discount_pct": 20, "valid_from": "2025-11-10", "valid_to": "2025-11-15", "special_validity": null, "notes": "Mit Gummizugbund. Baumwolle und Elasthan (LYCRA®). Größen: 5 (M)-7 (XL). Je 2 Stück. FLetzter Preis auf lidl.de zum Drucktermin"}
{"supermarket": "Lidl", "brand": "Esmara Men", "product_name": "Slips", "variant": null, "pack_size": null, "unit": null, "pack_count": 3, "price": 4.99, "currency": "EUR", "promo_type": "discount", "compare_price": null, "uvp": 6.99, "discount_pct": 28, "valid_from": "2025-11-10", "valid_to": "2025-11-15", "special_validity": null, "notes": "Baumwolle und Elasthan (LYCRA®). Größen: 5 (M)-7 (XL). Je 3 Stück. Weitere Sets: Schwarz und Dunkelgrau/-blau. FLetzter Preis auf lidl.de zum Drucktermin"}
{"supermarket": "Lidl", "brand": "Esmara Men", "product_name": "Socken", "variant": null, "pack_size": null, "unit": null, "pack_count": 5, "price": 3.59, "currency": "EUR", "promo_type": "discount", "compare_price": null, "uvp": 4.99, "discount_pct": 28, "valid_from": "2025-11-10", "valid_to": "2025-11-15", "special_validity": null, "notes": "Baumwolle, Polyamid und Elasthan. Größen: 39/42-43/46. Je 5 Paar. FLetzter Preis auf lidl.de zum Drucktermin"}
{"supermarket": "Lidl", "brand": "Parkside®", "product_name": "Jacke", "variant": null, "pack_size": null, "unit": null, "pack_count": 1, "price": 14.99, "currency": "EUR", "promo_type": "discount", "compare_price": null, "uvp": 19.99, "discount_pct": 25, "valid_from": "2025-11-13", "valid_to": "2025-11-15", "special_validity": null, "notes": "Weiches Lammfellimitat. Seitliche Eingrifftaschen. Brusttasche mit Reißverschluss. 100 % Polyester (recycelt). Größen: M (48/50)-XXL (60/62). Je Stück. FLetzter Preis auf lidl.de zum Drucktermin. Auch online. Weitere Farbe online: Blau. Weitere Farbe: Grün."}
{"supermarket": "Lidl", "brand": "Parkside®", "product_name": "Gefütterte Arbeitsbundhose", "variant": null, "pack_size": null, "unit": null, "pack_count": 1, "price": 9.99, "currency": "EUR", "promo_type": "discount", "compare_price": null, "uvp": 22.99, "discount_pct": 56, "valid_from": "2025-11-13", "valid_to": "2025-11-15", "special_validity": null, "notes": "Wasserabweisendes Obermaterial. Bequemer Teilgummizugbund. Polyester (teilweise recycelt) und Baumwolle. Größen: 48-58. Je Stück. Tiefpreis Garantie. Auch online. Weitere Farbe: Grau. FLetzter Preis auf lidl.de zum Drucktermin."}
{"supermarket": "Lidl", "brand": "Parkside®", "product_name": "Gefütterte Arbeitslatzhose", "variant": null, "pack_size": null, "unit": null, "pack_count": 1, "price": 17.99, "currency": "EUR", "promo_type": null, "compare_price": null, "uvp": null, "discount_pct": null, "valid_from": "2025-11-13", "valid_to": "2025-11-15", "special_validity": null, "notes": "Längenverstellbare, teilelastische Schulterträger mit Kunststoffschließen. Wasserabweisendes Obermaterial. Bequemer Teilgummizugbund. Warm gefüttert unterhalb des Latzes. Polyester (teilweise recycelt) und Baumwolle. Größen: 48-58. Je Stück. Obermaterial teilweise ECHTES LEDER."}
{"supermarket": "Lidl", "brand": "CAT", "product_name": "Thermo-Arbeitssocken", "variant": null, "pack_size": null, "unit": null, "pack_count": 2, "price": 4.99, "currency": "EUR", "promo_type": "discount", "compare_price": null, "uvp": 13.00, "discount_pct": 61, "valid_from": "2025-11-13", "valid_to": "2025-11-15", "special_validity": null, "notes": "Baumwolle, Polyester, Polyacryl und Elasthan. Größen: 39/42-47/50. Je 2 Paar. Auch online. Weitere Variante erhältlich."}
{"supermarket": "Lidl", "brand": "3M", "product_name": "Gewebe-Klebeband", "variant": null, "pack_size": "48 mm x 10 m", "unit": null, "pack_count": 1, "price": 1.99, "currency": "EUR", "promo_type": null, "compare_price": "1 m = -.20", "uvp": null, "discount_pct": null, "valid_from": "2025-11-13", "valid_to": "2025-11-15", "special_validity": null, "notes": "Extra Stark. Ca. 48 mm x 10 m. Je Stück. Tiefpreis Garantie."}
{"supermarket": "Lidl", "brand": "Parkside®", "product_name": "S3-Sicherheitsstiefel", "variant": null, "pack_size": null, "unit": null, "pack_count": 1, "price": 24.99, "currency": "EUR", "promo_type": "discount", "compare_price": null, "uvp": 29.99, "discount_pct": 16, "valid_from": "2025-11-13", "valid_to": "2025-11-19", "special_validity": "Gültig von 13.11.-19.11.R", "notes": "Sicherheitsklasse S3 - geprüft nach EN ISO 20345:2022. Obermaterial aus Leder und Textil. Reflektierende Details von 3M Scotchlite™. Stahlzehenkappe. Größen: 42-46. Je Paar. Mit Lidl Plus."}
{"supermarket": "Lidl", "brand": "Parkside®", "product_name": "Akku-Handleuchte", "variant": null, "pack_size": null, "unit": null, "pack_count": 1, "price": 12.99, "currency": "EUR", "promo_type": null, "compare_price": null, "uvp": null, "discount_pct": null, "valid_from": "2025-11-13", "valid_to": "2025-11-15", "special_validity": null, "notes": "Typ „PASL 400 B3\". Mit 3 Funktionen: Strahler, Seitenleuchte und UV-Licht. Li-Ionen-Akku (2.200 mAh). Lichtstrom: max. 500 lm. Mit Standbügel, Klapphaken und Magneten. Wandmontierbare Ladestation. Je Stück. Tiefpreis Garantie."}
{"supermarket": "Lidl", "brand": "Parkside®", "product_name": "Akku-Feinbohrschleifer", "variant": null, "pack_size": null, "unit": null, "pack_count": 1, "price": 17.99, "currency": "EUR", "promo_type": null, "compare_price": null, "uvp": null, "discount_pct": null, "valid_from": "2025-11-13", "valid_to": "2025-11-15", "special_validity": null, "notes": "Typ „PFBS 12 C7\". 12-V-Li-Ionen-Akku (1,3 Ah). Mit 44 Aufsätzen, 5 Spannzangen (1 vormontiert) und 1 Wechselwerkzeug. Drehzahl: 5.000-25.000 min⁻¹. Inkl. USB-Ladekabel, Typ C. Je Stück. Inkl. Zubehör. Auch online."}
{"supermarket": "Lidl", "brand": "Parkside®", "product_name": "Reparatur-Sortiment", "variant": "Maler-Acryl Express", "pack_size": "310 ml", "unit": "ml", "pack_count": 310, "price": 1.79, "currency": "EUR", "promo_type": null, "compare_price": "1 l = 5.77", "uvp": null, "discount_pct": null, "valid_from": "2025-11-13", "valid_to": "2025-11-15", "special_validity": null, "notes": "Je Stück. Weitere Varianten erhältlich."}
{"supermarket": "Lidl", "brand": "Parkside®", "product_name": "Reparatur-Sortiment", "variant": "Silikon weiß", "pack_size": "310 ml", "unit": "ml", "pack_count": 310, "price": 1.79, "currency": "EUR", "promo_type": null, "compare_price": "1 l = 5.77", "uvp": null, "discount_pct": null, "valid_from": "2025-11-13", "valid_to": "2025-11-15", "special_validity": null, "notes": "Je Stück. Weitere Varianten erhältlich."}
{"supermarket": "Lidl", "brand": "Parkside®", "product_name": "Reparatur-Sortiment", "variant": "Montagekleber", "pack_size": "450 g", "unit": "g", "pack_count": 450, "price": 1.79, "currency": "EUR", "promo_type": null, "compare_price": "1 kg = 3.98", "uvp": null, "discount_pct": null, "valid_from": "2025-11-13", "valid_to": "2025-11-15", "special_validity": null, "notes": "Je Stück. Weitere Varianten erhältlich."}
{"supermarket": "Lidl", "brand": "Parkside®", "product_name": "Heißklebestifte", "variant": "10x Holz", "pack_size": null, "unit": null, "pack_count": 10, "price": 1.39, "currency": "EUR", "promo_type": null, "compare_price": null, "uvp": null, "discount_pct": null, "valid_from": "2025-11-13", "valid_to": "2025-11-15", "special_validity": null, "notes": "Für gängige Heißklebepistolen mit 11-mm-Aufnahme. Ca. Ø 11 x L 280 mm. Je Set. Auch online. Weitere Varianten erhältlich."}
{"supermarket": "Lidl", "brand": "Parkside®", "product_name": "Heißklebestifte", "variant": "10x Acryl", "pack_size": null, "unit": null, "pack_count": 10, "price": 1.39, "currency": "EUR", "promo_type": null, "compare_price": null, "uvp": null, "discount_pct": null, "valid_from": "2025-11-13", "valid_to": "2025-11-15", "special_validity": null, "notes": "Für gängige Heißklebepistolen mit 11-mm-Aufnahme. Ca. Ø 11 x L 280 mm. Je Set. Auch online. Weitere Varianten erhältlich."}
{"supermarket": "Lidl", "brand": "Parkside®", "product_name": "Heißklebestifte", "variant": "10x Universal Farbig", "pack_size": null, "unit": null, "pack_count": 10, "price": 1.39, "currency": "EUR", "promo_type": null, "compare_price": null, "uvp": null, "discount_pct": null, "valid_from": "2025-11-13", "valid_to": "2025-11-15", "special_validity": null, "notes": "Für gängige Heißklebepistolen mit 11-mm-Aufnahme. Ca. Ø 11 x L 280 mm. Je Set. Auch online. Weitere Varianten erhältlich."}
{"supermarket": "Lidl", "brand": "Parkside®", "product_name": "Heißklebestifte", "variant": "10x Universal Schwarz", "pack_size": null, "unit": null, "pack_count": 10, "price": 1.39, "currency": "EUR", "promo_type": null, "compare_price": null, "uvp": null, "discount_pct": null, "valid_from": "2025-11-13", "valid_to": "2025-11-15", "special_validity": null, "notes": "Für gängige Heißklebepistolen mit 11-mm-Aufnahme. Ca. Ø 11 x L 280 mm. Je Set. Auch online. Weitere Varianten erhältlich."}
{"supermarket": "Lidl", "brand": "Parkside®", "product_name": "Heißklebepistole", "variant": null, "pack_size": null, "unit": null, "pack_count": 1, "price": 9.99, "currency": "EUR", "promo_type": "discount", "compare_price": null, "uvp": 12.99, "discount_pct": 23, "valid_from": "2025-11-13", "valid_to": "2025-11-15", "special_validity": null, "notes": "Typ „PHP 500 E3\". Kabellos nutzbar mit Ladestation zum Aufheizen oder mit Kabelanschluss. Aufheizzeit: ca. 2 min. Für Klebestifte mit Ø 11 mm. Je Stück. Inkl. 3 Klebestifte. Tiefpreis Garantie. Auch online. FLetzter Preis auf lidl.de zum Drucktermin."}
{"supermarket": "Lidl", "brand": "Parkside Performance®", "product_name": "Trennscheiben-Set", "variant": "Diamant-Trennscheibe", "pack_size": null, "unit": null, "pack_count": 1, "price": 3.99, "currency": "EUR", "promo_type": "discount", "compare_price": null, "uvp": 4.99, "discount_pct": 20, "valid_from": "2025-11-13", "valid_to": "2025-11-19", "special_validity": "Gültig von 13.11.-19.11.R", "notes": "Für gängige Winkelschleifer geeignet. Je Ø 76 mm. Bohrung: Ø 10 mm. Je Stück/Set. 30% weniger VerschleißM. 30% schnellere SchnittgeschwindigkeitM. 30% längere LebensdauerM. MIm Vergleich zur PARKSIDE Trennscheibe. Mit Lidl Plus. Auch online."}
{"supermarket": "Lidl", "brand": "Parkside Performance®", "product_name": "Trennscheiben-Set", "variant": "HM-Trennscheiben-Set", "pack_size": null, "unit": null, "pack_count": 2, "price": 3.99, "currency": "EUR", "promo_type": "discount", "compare_price": null, "uvp": 4.99, "discount_pct": 20, "valid_from": "2025-11-13", "valid_to": "2025-11-19", "special_validity": "Gültig von 13.11.-19.11.R", "notes": "Für gängige Winkelschleifer geeignet. Je Ø 76 mm. Bohrung: Ø 10 mm. Je Stück/Set. 30% weniger VerschleißM. 30% schnellere SchnittgeschwindigkeitM. 30% längere LebensdauerM. MIm Vergleich zur PARKSIDE Trennscheibe. Mit Lidl Plus. Auch online."}
{"supermarket": "Lidl", "brand": "Parkside®", "product_name": "Kleinteile-Set", "variant": "Klettstreifen-Set", "pack_size": null, "unit": null, "pack_count": 50, "price": 3.99, "currency": "EUR", "promo_type": "discount", "compare_price": null, "uvp": 5.99, "discount_pct": 33, "valid_from": "2025-11-13", "valid_to": "2025-11-15", "special_validity": null, "notes": "Je Set. Auch online. Weitere Varianten erhältlich. Tiefpreis Garantie. FLetzter Preis auf lidl.de zum Drucktermin."}
{"supermarket": "Lidl", "brand": "Parkside®", "product_name": "Kleinteile-Set", "variant": "Kabelbinder-/Kabelklemmen-Set", "pack_size": null, "unit": null, "pack_count": 308, "price": 3.99, "currency": "EUR", "promo_type": "discount", "compare_price": null, "uvp": 5.99, "discount_pct": 33, "valid_from": "2025-11-13", "valid_to": "2025-11-15", "special_validity": null, "notes": "Je Set. Auch online. Weitere Varianten erhältlich. Tiefpreis Garantie. FLetzter Preis auf lidl.de zum Drucktermin."}
{"supermarket": "Lidl", "brand": "Parkside®", "product_name": "Kleinteile-Set", "variant": "Krokodilklemmen-Set", "pack_size": null, "unit": null, "pack_count": 80, "price": 3.99, "currency": "EUR", "promo_type": "discount", "compare_price": null, "uvp": 5.99, "discount_pct": 33, "valid_from": "2025-11-13", "valid_to": "2025-11-15", "special_validity": null, "notes": "Je Set. Auch online. Weitere Varianten erhältlich. Tiefpreis Garantie. FLetzter Preis auf lidl.de zum Drucktermin."}
{"supermarket": "Lidl", "brand": "Parkside®", "product_name": "Akku-Wechselbitschrauber 4 V", "variant": null, "pack_size": null, "unit": null, "pack_count": 1, "price": 14.99, "currency": "EUR", "promo_type": null, "compare_price": null, "uvp": null, "discount_pct": null, "valid_from": "2025-11-13", "valid_to": "2025-11-15", "special_validity": null, "notes": "Typ „Rapidefire 2.2\". 4 V-Li-Ionen-Akku (2 Ah). Leerlaufdrehzahl: ca. 200 min⁻¹. Magnetischer Bithalter. LED-Werkstückbeleuchtung. 1,5-m-USB-C-Ladekabel. Je Stück. Integrierte Bitwechseltrommel: die wichtigsten Bits sofort einsatzbereit. Inkl. Zubehör. Tiefpreis Garantie."}
{"supermarket": "Lidl", "brand": "Parkside®", "product_name": "Organizer", "variant": null, "pack_size": null, "unit": null, "pack_count": 1, "price": 5.99, "currency": "EUR", "promo_type": null, "compare_price": null, "uvp": null, "discount_pct": null, "valid_from": "2025-11-13", "valid_to": "2025-11-15", "special_validity": null, "notes": "Beidseitig befüllbar. Bis zu 34 Fächer und 24 herausnehmbare Trennstege. Ca. L 32 x B 27 x H 8 cm. Je Stück."}
{"supermarket": "Lidl", "brand": "Parkside®", "product_name": "Werkzeugleisten-Set", "variant": null, "pack_size": null, "unit": null, "pack_count": 3, "price": 7.99, "currency": "EUR", "promo_type": null, "compare_price": null, "uvp": null, "discount_pct": null, "valid_from": "2025-11-13", "valid_to": "2025-11-15", "special_validity": null, "notes": "Einfach anzubringen. Länge ca. 20/30/47 cm. Je Set."}
{"supermarket": "Lidl", "brand": "Parkside®", "product_name": "HSS-Bohrer-/-Senker-Set", "variant": "HSS-Querlochsenker-Set", "pack_size": null, "unit": null, "pack_count": 4, "price": 7.99, "currency": "EUR", "promo_type": "discount", "compare_price": null, "uvp": 11.99, "discount_pct": 33, "valid_from": "2025-11-13", "valid_to": "2025-11-15", "special_validity": null, "notes": "Für Metall. Je Set. Auch online. Weitere Variante erhältlich. FLetzter Preis auf lidl.de zum Drucktermin."}
{"supermarket": "Lidl", "brand": "Parkside®", "product_name": "HSS-Bohrer-/-Senker-Set", "variant": "HSS-Spiralbohrer-Set", "pack_size": null, "unit": null, "pack_count": 15, "price": 7.99, "currency": "EUR", "promo_type": "discount", "compare_price": null, "uvp": 11.99, "discount_pct": 33, "valid_from": "2025-11-13", "valid_to": "2025-11-15", "special_validity": null, "notes": "Für Metall. Je Set. Auch online. Weitere Variante erhältlich. FLetzter Preis auf lidl.de zum Drucktermin."}
{"supermarket": "Lidl", "brand": "Parkside®", "product_name": "HSS-Bohrer-/-Senker-Set", "variant": "HSS-Kegel- und Entgratsenker-Set", "pack_size": null, "unit": null, "pack_count": 6, "price": 7.99, "currency": "EUR", "promo_type": "discount", "compare_price": null, "uvp": 11.99, "discount_pct": 33, "valid_from": "2025-11-13", "valid_to": "2025-11-15", "special_validity": null, "notes": "Für Metall. Je Set. Auch online. Weitere Variante erhältlich. FLetzter Preis auf lidl.de zum Drucktermin."}
{"supermarket": "Lidl", "brand": "Parkside®", "product_name": "Bit-/Bohrer-Set", "variant": "Gewindebohrer-Bit-Set", "pack_size": null, "unit": null, "pack_count": 7, "price": 9.99, "currency": "EUR", "promo_type": "discount", "compare_price": null, "uvp": 14.99, "discount_pct": 33, "valid_from": "2025-11-13", "valid_to": "2025-11-15", "special_validity": null, "notes": "Jeweils mit 1 Schnellwechsel-Bithalter. Je Set. Passend dazu. Auch online. FLetzter Preis auf lidl.de zum Drucktermin."}
{"supermarket": "Lidl", "brand": "Parkside®", "product_name": "Bit-/Bohrer-Set", "variant": "Kombi-Gewindebohrer-Set", "pack_size": null, "unit": null, "pack_count": 7, "price": 9.99, "currency": "EUR", "promo_type": "discount", "compare_price": null, "uvp": 14.99, "discount_pct": 33, "valid_from": "2025-11-13", "valid_to": "2025-11-15", "special_validity": null, "notes": "Jeweils mit 1 Schnellwechsel-Bithalter. Je Set. Passend dazu. Auch online. FLetzter Preis auf lidl.de zum Drucktermin."}
{"supermarket": "Lidl", "brand": "Parkside®", "product_name": "Bit-/Bohrer-Set", "variant": "Bohrer-Set", "pack_size": null, "unit": null, "pack_count": 7, "price": 9.99, "currency": "EUR", "promo_type": "discount", "compare_price": null, "uvp": 14.99, "discount_pct": 33, "valid_from": "2025-11-13", "valid_to": "2025-11-15", "special_validity": null, "notes": "Jeweils mit 1 Schnellwechsel-Bithalter. Je Set. Passend dazu. Auch online. FLetzter Preis auf lidl.de zum Drucktermin."}
{"supermarket": "Lidl", "brand": "Parkside®", "product_name": "Bit-/Bohrer-Set", "variant": "Kegelsenker-Bit-Set", "pack_size": null, "unit": null, "pack_count": 7, "price": 9.99, "currency": "EUR", "promo_type": "discount", "compare_price": null, "uvp": 14.99, "discount_pct": 33, "valid_from": "2025-11-13", "valid_to": "2025-11-15", "special_validity": null, "notes": "Jeweils mit 1 Schnellwechsel-Bithalter. Je Set. Passend dazu. Auch online. FLetzter Preis auf lidl.de zum Drucktermin."}
{"supermarket": "Lidl", "brand": "Parkside®", "product_name": "Abkantbank", "variant": null, "pack_size": null, "unit": null, "pack_count": 1, "price": 34.99, "currency": "EUR", "promo_type": null, "compare_price": null, "uvp": null, "discount_pct": null, "valid_from": "2025-11-13", "valid_to": "2025-11-15", "special_validity": null, "notes": "Zum Biegen von Blechen - max. 460 mm Breite und 1,2 mm Stärke. Biegewinkel von 0-90°. Je Stück. 4 Montagelöcher für Tischmontage. Tiefpreis Garantie. Auch online."}
{"supermarket": "Lidl", "brand": "Parkside®", "product_name": "Durchgangs-Steckschlüssel-Satz", "variant": null, "pack_size": null, "unit": null, "pack_count": 31, "price": 9.99, "currency": "EUR", "promo_type": "discount", "compare_price": null, "uvp": 19.99, "discount_pct": 50, "valid_from": "2025-11-13", "valid_to": "2025-11-19", "special_validity": "Gültig von 13.11.-19.11.R", "notes": "Aus Chrom-Vanadium-Stahl. Mit 6,3-mm-(1/4\"-) Aufnahme. Je Set. Auch online. Mit Lidl Plus. FLetzter Preis auf lidl.de zum Drucktermin."}
{"supermarket": "Lidl", "brand": "Parkside®", "product_name": "Handentgrater/Ersatzklingen/Mutternsprenger", "variant": "Handentgrater", "pack_size": null, "unit": null, "pack_count": 1, "price": 4.99, "currency": "EUR", "promo_type": null, "compare_price": null, "uvp": null, "discount_pct": null, "valid_from": "2025-11-13", "valid_to": "2025-11-15", "special_validity": null, "notes": "Zum Entgraten von weichem Stahl, Aluminium oder Kunststoff; inkl. 3 austauschbarer Klingen. Je Stück/Set. Tiefpreis Garantie."}
{"supermarket": "Lidl", "brand": "Parkside®", "product_name": "Handentgrater/Ersatzklingen/Mutternsprenger", "variant": "Ersatzklingen für Handentgrater", "pack_size": null, "unit": null, "pack_count": 8, "price": 4.99, "currency": "EUR", "promo_type": null, "compare_price": null, "uvp": null, "discount_pct": null, "valid_from": "2025-11-13", "valid_to": "2025-11-15", "special_validity": null, "notes": "Je Stück/Set. Tiefpreis Garantie."}
{"supermarket": "Lidl", "brand": "Parkside®", "product_name": "Handentgrater/Ersatzklingen/Mutternsprenger", "variant": "Mutternsprenger", "pack_size": null, "unit": null, "pack_count": 1, "price": 4.99, "currency": "EUR", "promo_type": null, "compare_price": null, "uvp": null, "discount_pct": null, "valid_from": "2025-11-13", "valid_to": "2025-11-15", "special_validity": null, "notes": "Zum Sprengen festsitzender, beschädigter oder überdrehter Muttern mit Eckmaß 16-22 mm. Je Stück/Set. Tiefpreis Garantie."}
{"supermarket": "Lidl", "brand": "Parkside®", "product_name": "Werkzeugkoffer", "variant": null, "pack_size": null, "unit": null, "pack_count": 95, "price": 39.99, "currency": "EUR", "promo_type": "discount", "compare_price": null, "uvp": 49.99, "discount_pct": 20, "valid_from": "2025-11-13", "valid_to": "2025-11-19", "special_validity": "Gültig von 13.11.-19.11.R", "notes": "Umfangreiches Werkzeugsortiment für die wichtigsten Anwendungen. Je Stück. Auch online. Mit Lidl Plus."}
{"supermarket": "Lidl", "brand": "Parkside®", "product_name": "Keramik-Heizgebläse", "variant": null, "pack_size": null, "unit": null, "pack_count": 1, "price": 29.99, "currency": "EUR", "promo_type": "discount", "compare_price": null, "uvp": 34.99, "discount_pct": 14, "valid_from": "2025-11-13", "valid_to": "2025-11-15", "special_validity": null, "notes": "Typ „PKH 3000 D2\". Kompaktes Elektro-Gebläse mit leistungsstarkem PTC-Heizelement. Einstellbares Thermostat für konstante Raumtemperaturen. Betrieb nur in aufrechter Position möglich - automatische Sicherheitsabschaltung bei umgekipptem Gerät. Kabellänge ca. 1,8 m. Je Stück. Max. 3.000 W. Auch als Ventilator zur Raumbelüftung einsetzbar. Auch online. Tiefpreis Garantie. FLetzter Preis auf lidl.de zum Drucktermin."}
{"supermarket": "Lidl", "brand": "Parkside®", "product_name": "Laser-Entfernungsmesser", "variant": null, "pack_size": null, "unit": null, "pack_count": 1, "price": 17.99, "currency": "EUR", "promo_type": "discount", "compare_price": null, "uvp": 22.99, "discount_pct": 21, "valid_from": "2025-11-13", "valid_to": "2025-11-15", "special_validity": null, "notes": "Typ „PLEM 50 D5\". Wahlweise Addition oder Subtraktion von Messdaten. Messbereich: 0,05-50 m. Messgenauigkeit (typisch): ± 1,5 mm. Inkl. Batterien. Je Stück. Zur punktgenauen Bestimmung von Entfernungen, Flächen und Volumen. Auch online. FLetzter Preis auf lidl.de zum Drucktermin."}
{"supermarket": "Lidl", "brand": "Parkside®", "product_name": "Blindnietenzangen-Set", "variant": null, "pack_size": null, "unit": null, "pack_count": 110, "price": 6.99, "currency": "EUR", "promo_type": "discount", "compare_price": null, "uvp": 9.99, "discount_pct": 30, "valid_from": "2025-11-13", "valid_to": "2025-11-15", "special_validity": null, "notes": "Mit rutschhemmendem Griff und Griffsicherung. Für Materialstärken bis 4 mm. Je Set. Tiefpreis Garantie. Auch online. FLetzter Preis auf lidl.de zum Drucktermin."}
{"supermarket": "Lidl", "brand": "Parkside®", "product_name": "Digital-Heißluftgebläse", "variant": null, "pack_size": null, "unit": null, "pack_count": 1, "price": 14.99, "currency": "EUR", "promo_type": "discount", "compare_price": null, "uvp": 24.99, "discount_pct": 40, "valid_from": "2025-11-13", "valid_to": "2025-11-15", "special_validity": null, "notes": "Typ „PHLGD 2000 C4\". Universalgerät zum Ablösen, Verformen oder Erwärmen. 5-stufig einstellbares Gebläse. Integriertes LC-Display mit Memory-Funktion. Temperatur 50-650°. Luftmenge 150-500 l/min. Kabellänge ca. 4 m. Je Stück. Anzeige der gewählten und aktuellen Temperatur in °C. Inkl. Zubehör. Auch online. FLetzter Preis auf lidl.de zum Drucktermin."}
{"supermarket": "Lidl", "brand": "Parkside®", "product_name": "Elektro-Kettensäge", "variant": null, "pack_size": null, "unit": null, "pack_count": 1, "price": 59.99, "currency": "EUR", "promo_type": "discount", "compare_price": null, "uvp": 69.99, "discount_pct": 14, "valid_from": "2025-11-11", "valid_to": "2025-11-15", "special_validity": null, "notes": "Typ „PEKS 2200 B1\". Kettengeschwindigkeit: max. 15,3 m/s. Schnittlänge: ca. 39,5 cm. Je Stück. Ca. 2.200 W. Nur online."}
{"supermarket": "Lidl", "brand": "Parkside Performance®", "product_name": "Smart-Akku", "variant": "20 V/8 Ah", "pack_size": null, "unit": null, "pack_count": 1, "price": 49.99, "currency": "EUR", "promo_type": "discount", "compare_price": null, "uvp": 69.99, "discount_pct": 28, "valid_from": "2025-11-11", "valid_to": "2025-11-15", "special_validity": null, "notes": "Typ „PAPS 208 A1\". Konfigurierbar via Bluetooth® über die PARKSIDE-App. Einstellbare Modi: Performance, Balanced, Eco und Expert. Je Stück. 100% mehr Laufzeit bei gleicher Akku-Größe. 70% höhere Entladeströme für mehr Leistung! Im Vergleich zum PARKSIDE Akku 20 V/4 Ah „PAP 20 B3\". Nur online."}
{"supermarket": "Lidl", "brand": "Parkside®", "product_name": "Plasmaschneider", "variant": null, "pack_size": null, "unit": null, "pack_count": 1, "price": 99.99, "currency": "EUR", "promo_type": "discount", "compare_price": null, "uvp": 139.00, "discount_pct": 28, "valid_from": "2025-11-11", "valid_to": "2025-11-15", "special_validity": null, "notes": "Typ „PPS 40 B3\". Schneidstrom: 15-40 A. Materialstärke: bis zu 12 mm. Netzkabellänge: ca. 2 m. Je Stück. 4.7/5 - 572 Bewertungen. Lidl Ratenzahlung 12.32 € pro Monat (Laufzeit 9 Monate, Gesamtpreis 110.85). Nur online."}
{"supermarket": "Lidl", "brand": "Parkside Performance®", "product_name": "Akku-Stichsäge", "variant": "20 V", "pack_size": null, "unit": null, "pack_count": 1, "price": 39.99, "currency": "EUR", "promo_type": "discount", "compare_price": null, "uvp": 69.99, "discount_pct": 42, "valid_from": "2025-10-31", "valid_to": "2025-11-16", "special_validity": "Gültig von 31.10.-16.11.R", "notes": "Typ „PPSTDA 20-Li A1\". Schnitttiefe: max. 155 mm in Holz/20 mm in NE-Metall/10 mm in Metall (weich). Leerlaufhubzahl: 800-3.800 min⁻¹ (7-stufig). Hublänge: 26 mm. Je Stück. Ohne Akku/Ladegerät. Inkl. Koffer. Mit Lidl Plus. Nur online."}
{"supermarket": "Lidl", "brand": "Parkside®", "product_name": "Metall-Trennschleifer", "variant": null, "pack_size": null, "unit": null, "pack_count": 1, "price": 37.99, "currency": "EUR", "promo_type": "discount", "compare_price": null, "uvp": 47.99, "discount_pct": 20, "valid_from": "2025-11-11", "valid_to": "2025-11-15", "special_validity": null, "notes": "Typ „PMTS 180 C3\". Zum schnellen und präzisen Trennen von Stahl, NE-Metallen, Guss- und Eisenprofilen. Leerlaufdrehzahl: 7.700 min⁻¹. Sägeblatt-Ø: max. 180 mm. Je Stück. 1.280 W. Ab 11.11. Verlängerte Rückgabe bis 31.1.2026. Nur online."}
{"supermarket": "Lidl", "brand": "Parkside Performance®", "product_name": "Akku-Bohrschrauber Starterset", "variant": null, "pack_size": null, "unit": null, "pack_count": 1, "price": 99.99, "currency": "EUR", "promo_type": "discount", "compare_price": null, "uvp": 139.00, "discount_pct": 28, "valid_from": "2025-11-11", "valid_to": "2025-11-15", "special_validity": null, "notes": "Typ „PPBSSA 12 A1\". Leistungsstarker 12-V-/5-Ah-Performance-Akku. Optimale Performance durch individuelle Gerätekonfiguration und Daten-Monitoring via PARKSIDE App. Je Stück. Bürstenloser Motor (Brushless Motor). Drehmoment: max. 80 Nm. Lidl Ratenzahlung 12.32 € pro Monat (Laufzeit 9 Monate, Gesamtpreis 110.85). Nur online."}
{"supermarket": "Lidl", "brand": "Parkside®", "product_name": "Gefütterte Arbeitsjacke", "variant": null, "pack_size": null, "unit": null, "pack_count": 1, "price": 19.99, "currency": "EUR", "promo_type": null, "compare_price": null, "uvp": null, "discount_pct": null, "valid_from": "2025-11-11", "valid_to": "2025-11-15", "special_validity": null, "notes": "Kapuze mit elastischem Kordelzug und Kordelstopper. 100% Polyester. Größen: M (48/50)-XXL (60/62). Je Stück. Nur online. Weitere Farbe: Grau."}
{"supermarket": "Lidl", "brand": "Parkside®", "product_name": "Fleece-Weste", "variant": null, "pack_size": null, "unit": null, "pack_count": 1, "price": 9.99, "currency": "EUR", "promo_type": "discount", "compare_price": null, "uvp": 12.99, "discount_pct": 23, "valid_from": "2025-11-11", "valid_to": "2025-11-15", "special_validity": null, "notes": "Mit Innentaschen. 100% Polyester. Angenehm weich und wärmend. Größen: S (44/46)-XXL (60/62). Je Stück. Nur online. Weitere Farbe: Rotkariert."}
{"supermarket": "Lidl", "brand": "Parkside®", "product_name": "Overshirt", "variant": null, "pack_size": null, "unit": null, "pack_count": 1, "price": 14.99, "currency": "EUR", "promo_type": "discount", "compare_price": null, "uvp": 19.99, "discount_pct": 25, "valid_from": "2025-11-11", "valid_to": "2025-11-15", "special_validity": null, "notes": "Mit Innentaschen. 100% Polyester. Polarfleece. Angenehm weich und wärmend. Größen: S (44/46)-XXL (60/62). Je Stück. Nur online. Weitere Farbe: Grau-, Blaukariert."}
{"supermarket": "Lidl", "brand": "Parkside®", "product_name": "Strick-Troyer", "variant": null, "pack_size": null, "unit": null, "pack_count": 1, "price": 9.99, "currency": "EUR", "promo_type": "discount", "compare_price": null, "uvp": 12.99, "discount_pct": 23, "valid_from": "2025-11-11", "valid_to": "2025-11-15", "special_validity": null, "notes": "Reine Baumwolle. Größen: S (44/46)-XXL (60/62). Je Stück. Nur online. Weitere Farbe: Dunkelblau."}
{"supermarket": "Lidl", "brand": "Parkside®", "product_name": "Thermo-Langarmshirt", "variant": null, "pack_size": null, "unit": null, "pack_count": 1, "price": 5.99, "currency": "EUR", "promo_type": "discount", "compare_price": null, "uvp": 7.99, "discount_pct": 25, "valid_from": "2025-11-11", "valid_to": "2025-11-15", "special_validity": null, "notes": "Baumwolle und Polyester (recycelt). Größen: S (44/46)-XXL (60/62). Je Stück. Nur online. Weitere Farbe: Dunkelblau, Schwarz."}
{"supermarket": "Lidl", "brand": "Parkside Performance®", "product_name": "Arbeitsbundhose Stretch", "variant": null, "pack_size": null, "unit": null, "pack_count": 1, "price": 19.99, "currency": "EUR", "promo_type": "discount", "compare_price": null, "uvp": 22.99, "discount_pct": 13, "valid_from": "2025-11-11", "valid_to": "2025-11-15", "special_validity": null, "notes": "Polyester (recycelt) und Elasthan (LYCRA®). Warm gefüttert. Knieverstärkung durch Codura. Einsatz von Knieschonern möglich (nicht im Lieferumfang enthalten). Größen: 48-58. Je Stück. Nur online. Obermaterial: Wasserabweisend. mind. 10x Widerstandsfähigerer Kniebereich¹. ¹Im Vergleich zur Parkside Arbeitsbundhose ohne Cordura."}
{"supermarket": "Lidl", "brand": "Parkside®", "product_name": "Arbeitssocken", "variant": null, "pack_size": null, "unit": null, "pack_count": 3, "price": 3.99, "currency": "EUR", "promo_type": "discount", "compare_price": null, "uvp": 4.99, "discount_pct": 20, "valid_from": "2025-11-11", "valid_to": "2025-11-15", "special_validity": null, "notes": "Baumwolle, Polyester und Elasthan (LYCRA®). Größen: 39/42-43/46. Je 3 Paar. Nur online."}
{"supermarket": "Lidl", "brand": "Adidas", "product_name": "Trikot", "variant": null, "pack_size": null, "unit": null, "pack_count": 1, "price": 12.99, "currency": "EUR", "promo_type": "discount", "compare_price": null, "uvp": 20.00, "discount_pct": 35, "valid_from": "2025-11-11", "valid_to": "2025-11-15", "special_validity": null, "notes": "Modell Tabela 23. Schweißableitend und atmungsaktiv. Material: Polyester. Größen: M-XL. Je Stück. Nur online. Weitere Varianten erhältlich."}
{"supermarket": "Lidl", "brand": "Adidas", "product_name": "Sweathoody", "variant": null, "pack_size": null, "unit": null, "pack_count": 1, "price": 22.99, "currency": "EUR", "promo_type": "discount", "compare_price": null, "uvp": 40.00, "discount_pct": 42, "valid_from": "2025-11-11", "valid_to": "2025-11-15", "special_validity": null, "notes": "Mit Känguruh-Tasche. Material: Baumwolle, Polyester. Größen: M-XXL. Je Stück. Nur online. Weitere Varianten erhältlich."}
{"supermarket": "Lidl", "brand": "Adidas", "product_name": "Winterjacke", "variant": null, "pack_size": null, "unit": null, "pack_count": 1, "price": 69.99, "currency": "EUR", "promo_type": "discount", "compare_price": null, "uvp": 130.00, "discount_pct": 46, "valid_from": "2025-11-11", "valid_to": "2025-11-15", "special_validity": null, "notes": "Das gepolsterte Außenmaterial ist angenehm leicht und schützt gleichzeitig vor Kälte. Material: Polyester. Größen: M-XL. Je Stück. Tiefpreis Garantie. Nur online."}
{"supermarket": "Lidl", "brand": "Adidas", "product_name": "Shorts", "variant": null, "pack_size": null, "unit": null, "pack_count": 1, "price": 16.99, "currency": "EUR", "promo_type": "discount", "compare_price": null, "uvp": 28.00, "discount_pct": 39, "valid_from": "2025-11-11", "valid_to": "2025-11-15", "special_validity": null, "notes": "Modell „Tastigo 25\". Schnelltrocknend. Material: Polyester. Größen: M-XL. Je Stück. Nur online."}
{"supermarket": "Lidl", "brand": "Adidas", "product_name": "Sweathose", "variant": null, "pack_size": null, "unit": null, "pack_count": 1, "price": 22.99, "currency": "EUR", "promo_type": "discount", "compare_price": null, "uvp": 40.00, "discount_pct": 42, "valid_from": "2025-11-11", "valid_to": "2025-11-15", "special_validity": null, "notes": "Mit Rippbündchen. Leistentaschen auf der Vorderseite. Material: Baumwolle, sonstiges Material. Größen: M-XXL. Je Stück. Nur online."}
{"supermarket": "Lidl", "brand": "Tapedesign", "product_name": "Sportsocken/Tubes", "variant": "Sportsocken", "pack_size": null, "unit": null, "pack_count": 1, "price": 7.99, "currency": "EUR", "promo_type": "discount", "compare_price": null, "uvp": 19.95, "discount_pct": 59, "valid_from": "2025-11-11", "valid_to": "2025-11-15", "special_validity": null, "notes": "Material: Baumwolle, Nylon, Elasthan, Polyester. Größe: Onesize (37-48). Je Paar. Nur online. Weitere Farben: Schwarz, Rot, Blau."}
{"supermarket": "Lidl", "brand": "Tapedesign", "product_name": "Sportsocken/Tubes", "variant": "Tubes (Stutzen)", "pack_size": null, "unit": null, "pack_count": 1, "price": 7.99, "currency": "EUR", "promo_type": "discount", "compare_price": null, "uvp": 11.95, "discount_pct": 33, "valid_from": "2025-11-11", "valid_to": "2025-11-15", "special_validity": null, "notes": "Material: Polyester, Nylon, Elasthan. Größe: Onesize. Je 3 Paar. Nur online. Weitere Farben: Schwarz, Rot, Blau."}
{"supermarket": "Lidl", "brand": "Tapedesign", "product_name": "Gripsocken", "variant": null, "pack_size": null, "unit": null, "pack_count": 1, "price": 9.99, "currency": "EUR", "promo_type": "discount", "compare_price": null, "uvp": 19.99, "discount_pct": 49, "valid_from": "2025-11-11", "valid_to": "2025-11-15", "special_validity": null, "notes": "Maximaler Halt: ergonomisch platzierte Gummi-Noppen an der Außenseite für perfekten Grip im Schuh. Material: Baumwolle, Nylon, Elasthan. Größe: Onesize 37-48. Je Paar. Nur online. Weitere Farben erhältlich. Tiefpreis Garantie."}```

-----

# 
```json
{"supermarket": "Lidl", "brand": "Crivit", "product_name": "Funktions-hoodie", "variant": "Weitere Farbe: Schwarz", "pack_size": "Größen: M (48/50)-XL (56/58)", "unit": "Stück", "pack_count": null, "price": 9.99, "currency": "EUR", "promo_type": null, "compare_price": null, "uvp": null, "discount_pct": null, "valid_from": "2025-11-13", "valid_to": "2025-11-19", "special_validity": null, "notes": "Begrenzte Vorratsmenge, evtl. ausverkauft; nicht in Kleinstfilialen erhältlich; Modelle/Größen/Farben können variieren."}
{"supermarket": "Lidl", "brand": "Crivit", "product_name": "Funktionsshirt", "variant": null, "pack_size": "Größen: S (36/38)-L (44/46)", "unit": "Stück", "pack_count": null, "price": 4.99, "currency": "EUR", "promo_type": null, "compare_price": null, "uvp": null, "discount_pct": null, "valid_from": "2025-11-13", "valid_to": "2025-11-19", "special_validity": null, "notes": "Begrenzte Vorratsmenge, evtl. ausverkauft; nicht in Kleinstfilialen erhältlich; Modelle/Größen/Farben können variieren."}
{"supermarket": "Lidl", "brand": "Crivit", "product_name": "Trainingshose", "variant": null, "pack_size": "Größen: S (44/46)-XL (56/58)", "unit": "Stück", "pack_count": null, "price": 12.99, "currency": "EUR", "promo_type": null, "compare_price": null, "uvp": null, "discount_pct": null, "valid_from": "2025-11-13", "valid_to": "2025-11-19", "special_validity": null, "notes": "Begrenzte Vorratsmenge, evtl. ausverkauft; nicht in Kleinstfilialen erhältlich; Modelle/Größen/Farben können variieren."}
{"supermarket": "Lidl", "brand": "Crivit", "product_name": "Funktionsjacke", "variant": null, "pack_size": "Größen: S (36/38)-L (44/46)", "unit": "Stück", "pack_count": null, "price": 12.99, "currency": "EUR", "promo_type": null, "compare_price": null, "uvp": null, "discount_pct": null, "valid_from": "2025-11-13", "valid_to": "2025-11-19", "special_validity": null, "notes": "Begrenzte Vorratsmenge, evtl. ausverkauft; nicht in Kleinstfilialen erhältlich; Modelle/Größen/Farben können variieren."}
{"supermarket": "Lidl", "brand": "Crivit", "product_name": "Sport-Bustier", "variant": "Light Level", "pack_size": "Größen: S (36/38)-L (44/46)", "unit": "Stück", "pack_count": null, "price": 6.99, "currency": "EUR", "promo_type": null, "compare_price": null, "uvp": null, "discount_pct": null, "valid_from": "2025-11-13", "valid_to": "2025-11-19", "special_validity": null, "notes": "Begrenzte Vorratsmenge, evtl. ausverkauft; nicht in Kleinstfilialen erhältlich; Modelle/Größen/Farben können variieren."}
{"supermarket": "Lidl", "brand": "Crivit", "product_name": "Laufschuhe", "variant": "Damen: 38-41; Herren: 41-46", "pack_size": null, "unit": "Paar", "pack_count": null, "price": 9.99, "currency": "EUR", "promo_type": "discount", "compare_price": null, "uvp": 12.99, "discount_pct": 23, "valid_from": "2025-11-13", "valid_to": "2025-11-19", "special_validity": null, "notes": "FLetzter Preis auf lidl.de zum Drucktermin. Begrenzte Vorratsmenge, evtl. ausverkauft; nicht in Kleinstfilialen erhältlich; Modelle/Größen/Farben können variieren."}
{"supermarket": "Lidl", "brand": "Crivit", "product_name": "Funktionstights", "variant": "Weitere Farben: Rosé, Schwarz/gemustert", "pack_size": "Größen: S (36/38)-L (44/46)", "unit": "Stück", "pack_count": null, "price": 9.99, "currency": "EUR", "promo_type": "discount", "compare_price": null, "uvp": 12.99, "discount_pct": 23, "valid_from": "2025-11-13", "valid_to": "2025-11-19", "special_validity": null, "notes": "FLetzter Preis auf lidl.de zum Drucktermin. Begrenzte Vorratsmenge, evtl. ausverkauft; nicht in Kleinstfilialen erhältlich; Modelle/Größen/Farben können variieren."}
{"supermarket": "Lidl", "brand": "Hot Wheels", "product_name": "Fahrzeuge-Spiel-Set", "variant": null, "pack_size": null, "unit": "Set", "pack_count": null, "price": 19.99, "currency": "EUR", "promo_type": "discount", "compare_price": null, "uvp": 30.99, "discount_pct": 35, "valid_from": "2025-11-13", "valid_to": "2025-11-19", "special_validity": null, "notes": "Altersempfehlung: ab 4 Jahren. Inkl. Hot Wheels-Fahrzeug. Begrenzte Vorratsmenge, evtl. ausverkauft; nicht in Kleinstfilialen erhältlich; Modelle/Größen/Farben können variieren."}
{"supermarket": "Lidl", "brand": "Lego Duplo", "product_name": "Starter-Set", "variant": null, "pack_size": null, "unit": "Set", "pack_count": null, "price": 18.99, "currency": "EUR", "promo_type": "discount", "compare_price": null, "uvp": 29.99, "discount_pct": 36, "valid_from": "2025-11-13", "valid_to": "2025-11-19", "special_validity": null, "notes": "Für Kleinkinder. Begrenzte Vorratsmenge, evtl. ausverkauft; nicht in Kleinstfilialen erhältlich; Modelle/Größen/Farben können variieren."}
{"supermarket": "Lidl", "brand": "Lego Classic", "product_name": "Bausteine-Box", "variant": null, "pack_size": null, "unit": "Set", "pack_count": null, "price": 18.99, "currency": "EUR", "promo_type": "discount", "compare_price": null, "uvp": 29.99, "discount_pct": 36, "valid_from": "2025-11-13", "valid_to": "2025-11-19", "special_validity": null, "notes": "Mittelgroße Steinebox. Altersempfehlung: ab 4 Jahren. Zum Spielen, Bauen und Lernen. Begrenzte Vorratsmenge, evtl. ausverkauft; nicht in Kleinstfilialen erhältlich; Modelle/Größen/Farben können variieren."}
{"supermarket": "Lidl", "brand": "Hot Wheels", "product_name": "Fahrzeugspiele-Set", "variant": null, "pack_size": null, "unit": "Set", "pack_count": null, "price": 5.99, "currency": "EUR", "promo_type": "discount", "compare_price": null, "uvp": 12.99, "discount_pct": 53, "valid_from": "2025-11-13", "valid_to": "2025-11-19", "special_validity": null, "notes": "Altersempfehlung: ab 3 Jahren. Tiefpreis Garantie. Begrenzte Vorratsmenge, evtl. ausverkauft; nicht in Kleinstfilialen erhältlich; Modelle/Größen/Farben können variieren."}
{"supermarket": "Lidl", "brand": "Mattel", "product_name": "Hot Wheels-/Barbie-Spielzeug", "variant": "Weitere Varianten erhältlich", "pack_size": null, "unit": "Stück", "pack_count": null, "price": 7.99, "currency": "EUR", "promo_type": "discount", "compare_price": null, "uvp": 14.99, "discount_pct": 46, "valid_from": "2025-11-13", "valid_to": "2025-11-19", "special_validity": null, "notes": "Begrenzte Vorratsmenge, evtl. ausverkauft; nicht in Kleinstfilialen erhältlich; Modelle/Größen/Farben können variieren."}
{"supermarket": "Lidl", "brand": "Vtech", "product_name": "Tut Tut Baby-Flitzer", "variant": "Weitere Varianten erhältlich", "pack_size": null, "unit": "Stück", "pack_count": null, "price": 8.99, "currency": "EUR", "promo_type": "discount", "compare_price": null, "uvp": 11.99, "discount_pct": 25, "valid_from": "2025-11-13", "valid_to": "2025-11-19", "special_validity": null, "notes": "Spricht Sätze, macht Geräusche, spielt Melodien und Lieder. Altersempfehlung: 1-5 Jahre. Begrenzte Vorratsmenge, evtl. ausverkauft; nicht in Kleinstfilialen erhältlich; Modelle/Größen/Farben können variieren."}
{"supermarket": "Lidl", "brand": "Lupilu®", "product_name": "Fahrzeug", "variant": "Recycling-LKW", "pack_size": null, "unit": "Stück", "pack_count": null, "price": 9.99, "currency": "EUR", "promo_type": "discount", "compare_price": null, "uvp": 14.99, "discount_pct": 33, "valid_from": "2025-11-13", "valid_to": "2025-11-19", "special_validity": null, "notes": "Mit Blinklicht und kippbarem Container. Mit Licht, 6 Sounds und Friktionsmotor. Inkl. Batterien. Altersempfehlung: ab 3 Jahren. FLetzter Preis auf lidl.de zum Drucktermin. Begrenzte Vorratsmenge, evtl. ausverkauft; nicht in Kleinstfilialen erhältlich; Modelle/Größen/Farben können variieren."}
{"supermarket": "Lidl", "brand": "Lupilu®", "product_name": "Fahrzeug", "variant": "Kipplaster", "pack_size": null, "unit": "Stück", "pack_count": null, "price": 9.99, "currency": "EUR", "promo_type": "discount", "compare_price": null, "uvp": 14.99, "discount_pct": 33, "valid_from": "2025-11-13", "valid_to": "2025-11-19", "special_validity": null, "notes": "Mit Blinklicht und kippbarer Mulde. Mit Licht, 6 Sounds und Friktionsmotor. Inkl. Batterien. Altersempfehlung: ab 3 Jahren. FLetzter Preis auf lidl.de zum Drucktermin. Begrenzte Vorratsmenge, evtl. ausverkauft; nicht in Kleinstfilialen erhältlich; Modelle/Größen/Farben können variieren."}
{"supermarket": "Lidl", "brand": "Lupilu®", "product_name": "Fahrzeug", "variant": "Feuerwehrwagen", "pack_size": null, "unit": "Stück", "pack_count": null, "price": 9.99, "currency": "EUR", "promo_type": "discount", "compare_price": null, "uvp": 14.99, "discount_pct": 33, "valid_from": "2025-11-13", "valid_to": "2025-11-19", "special_validity": null, "notes": "Mit Blaulicht und ausziehbarer Drehleiter. Mit Licht, 6 Sounds und Friktionsmotor. Inkl. Batterien. Altersempfehlung: ab 3 Jahren. FLetzter Preis auf lidl.de zum Drucktermin. Begrenzte Vorratsmenge, evtl. ausverkauft; nicht in Kleinstfilialen erhältlich; Modelle/Größen/Farben können variieren."}
{"supermarket": "Lidl", "brand": null, "product_name": "Mal-/Geschichten-/Rätselbuch", "variant": "Weitere Varianten erhältlich", "pack_size": null, "unit": "Stück", "pack_count": null, "price": 2.99, "currency": "EUR", "promo_type": null, "compare_price": null, "uvp": null, "discount_pct": null, "valid_from": "2025-11-13", "valid_to": "2025-11-19", "special_validity": null, "notes": "Altersempfehlung: ab 3, 4 bzw. 5 Jahren. Begrenzte Vorratsmenge, evtl. ausverkauft; nicht in Kleinstfilialen erhältlich; Modelle/Größen/Farben können variieren."}
{"supermarket": "Lidl", "brand": null, "product_name": "Weihnachts-/Malbuch", "variant": "Weitere Varianten erhältlich", "pack_size": null, "unit": "Stück", "pack_count": null, "price": 3.99, "currency": "EUR", "promo_type": null, "compare_price": null, "uvp": null, "discount_pct": null, "valid_from": "2025-11-13", "valid_to": "2025-11-19", "special_validity": null, "notes": "Altersempfehlung: ab 3 Jahren. Begrenzte Vorratsmenge, evtl. ausverkauft; nicht in Kleinstfilialen erhältlich; Modelle/Größen/Farben können variieren."}
{"supermarket": "Lidl", "brand": null, "product_name": "Interaktives Buch", "variant": null, "pack_size": null, "unit": "Stück", "pack_count": null, "price": 6.99, "currency": "EUR", "promo_type": null, "compare_price": null, "uvp": null, "discount_pct": null, "valid_from": "2025-11-13", "valid_to": "2025-11-19", "special_validity": null, "notes": "Mit 10 Geräuschen. Für Kinder ab 18 Monaten. Begrenzte Vorratsmenge, evtl. ausverkauft; nicht in Kleinstfilialen erhältlich; Modelle/Größen/Farben können variieren."}
{"supermarket": "Lidl", "brand": null, "product_name": "Wimmel-/Rätsel-/Malbuch", "variant": "Weitere Varianten erhältlich", "pack_size": null, "unit": "Stück", "pack_count": null, "price": 2.99, "currency": "EUR", "promo_type": "Lidl Plus Preis", "compare_price": null, "uvp": 3.99, "discount_pct": 25, "valid_from": "2025-11-13", "valid_to": "2025-11-19", "special_validity": "Gültig von 13.11.-19.11.R. Preis gilt ab 4 Stück/Set.", "notes": "Teilweise mit Stickern. Altersempfehlung: ab 3, 5 bzw. 7 Jahren. Begrenzte Vorratsmenge, evtl. ausverkauft; nicht in Kleinstfilialen erhältlich; Modelle/Größen/Farben können variieren. d) Angebot ausschließlich für Nutzer der Lidl Plus App. Es gelten die Couponbedingungen in der Lidl Plus App. Mehr Infos unter lidlplus.de. R) Lidl Plus Preis gültig nur für Filialeinkauf."}
{"supermarket": "Lidl", "brand": "Melissa & Doug", "product_name": "Water-WOW!®-Malbuch", "variant": "Weitere Varianten erhältlich", "pack_size": null, "unit": "Stück", "pack_count": null, "price": 3.99, "currency": "EUR", "promo_type": "discount", "compare_price": null, "uvp": 5.99, "discount_pct": 33, "valid_from": "2025-11-13", "valid_to": "2025-11-19", "special_validity": null, "notes": "Mit Such- und Finde-Aktivitäten. Mit 4 Bildern und auffüllbarem Wasserstift. Stift mit Wasser füllen, ausmalen, alles trocknen lassen und wieder ausmalen. Altersempfehlung: ab 3 Jahren. Begrenzte Vorratsmenge, evtl. ausverkauft; nicht in Kleinstfilialen erhältlich; Modelle/Größen/Farben können variieren."}
{"supermarket": "Lidl", "brand": "Waboba", "product_name": "Moonball", "variant": null, "pack_size": "Ca. Ø 6 cm", "unit": "Stück", "pack_count": null, "price": 4.99, "currency": "EUR", "promo_type": "discount", "compare_price": null, "uvp": 7.99, "discount_pct": 37, "valid_from": "2025-11-13", "valid_to": "2025-11-19", "special_validity": null, "notes": "Hyper-Hüpfball macht ein einzigartiges Plopp-Geräusch beim Auftreffen auf den Asphalt. Altersempfehlung; ab 5 Jahren. Springt bis zu 30 m hoch. Begrenzte Vorratsmenge, evtl. ausverkauft; nicht in Kleinstfilialen erhältlich; Modelle/Größen/Farben können variieren."}
{"supermarket": "Lidl", "brand": "Mebus", "product_name": "Kinderwecker/Schlaftrainer", "variant": null, "pack_size": null, "unit": "Stück", "pack_count": null, "price": 19.99, "currency": "EUR", "promo_type": "discount", "compare_price": null, "uvp": 23.99, "discount_pct": 16, "valid_from": "2025-11-13", "valid_to": "2025-11-19", "special_validity": null, "notes": "Displaybeleuchtung mit 3 Helligkeitsstufen. 10 beruhigende Melodien. Timerfunktion 15/30 min. Inkl. Batterien. Fördert ein entspanntes Einschlafen und hilft Kindern, Tag und Nacht besser zu verstehen. Die verschiedenen Lichtfarben unterstützen dabei, spielerisch eine feste Schlafroutine zu entwickeln. Begrenzte Vorratsmenge, evtl. ausverkauft; nicht in Kleinstfilialen erhältlich; Modelle/Größen/Farben können variieren."}
{"supermarket": "Lidl", "brand": "Mebus", "product_name": "LED-Nachtlicht", "variant": null, "pack_size": null, "unit": "Stück", "pack_count": null, "price": 9.99, "currency": "EUR", "promo_type": "discount", "compare_price": null, "uvp": 12.99, "discount_pct": 23, "valid_from": "2025-11-13", "valid_to": "2025-11-19", "special_validity": null, "notes": "Aus weichem, schadstofffreiem Silikon. Mit Touch-Funktion. 6-h-Timer mit automatischer Wiederholung im Tagesrhythmus. Inkl. Batterien. Wählbarer Farbwechsel - farbiges oder warmweißes LED-Licht. Als Einschlafhilfe. FLetzter Preis auf lidl.de zum Drucktermin. Begrenzte Vorratsmenge, evtl. ausverkauft; nicht in Kleinstfilialen erhältlich; Modelle/Größen/Farben können variieren."}
{"supermarket": "Lidl", "brand": "Playtive", "product_name": "Holz-Puzzle/-Steckspiel", "variant": "Weitere Varianten erhältlich", "pack_size": null, "unit": "Set", "pack_count": null, "price": 4.99, "currency": "EUR", "promo_type": null, "compare_price": null, "uvp": null, "discount_pct": null, "valid_from": "2025-11-13", "valid_to": "2025-11-19", "special_validity": null, "notes": "Aus Echtholz. Altersempfehlung: ab 1½ bzw. 3 Jahren. Begrenzte Vorratsmenge, evtl. ausverkauft; nicht in Kleinstfilialen erhältlich; Modelle/Größen/Farben können variieren."}
{"supermarket": "Lidl", "brand": "Crelando®", "product_name": "Kinder-Malkoffer", "variant": null, "pack_size": "76-teilig", "unit": "Set", "pack_count": null, "price": 7.99, "currency": "EUR", "promo_type": null, "compare_price": null, "uvp": null, "discount_pct": null, "valid_from": "2025-11-13", "valid_to": "2025-11-19", "special_validity": null, "notes": "30 Wachsmal-, 12 Filz-, 8 Buntstifte, 12 Wassermalfarben, 10 Ölkreiden, Anspitzer, Radiergummi, Mischpalette sowie Pinsel. Altersempfehlung ab 3 Jahren. Begrenzte Vorratsmenge, evtl. ausverkauft; nicht in Kleinstfilialen erhältlich; Modelle/Größen/Farben können variieren."}
{"supermarket": "Lidl", "brand": "Squish-mallows", "product_name": "Plüschtier", "variant": "Weitere Varianten erhältlich", "pack_size": null, "unit": "Stück", "pack_count": null, "price": 5.39, "currency": "EUR", "promo_type": "discount", "compare_price": null, "uvp": 9.99, "discount_pct": 46, "valid_from": "2025-11-13", "valid_to": "2025-11-19", "special_validity": null, "notes": "Altersempfehlung: ab 3 Jahren. Begrenzte Vorratsmenge, evtl. ausverkauft; nicht in Kleinstfilialen erhältlich; Modelle/Größen/Farben können variieren."}
{"supermarket": "Lidl", "brand": "Activity®", "product_name": "Gesellschaftsspiel Activity®", "variant": "Junior", "pack_size": null, "unit": "Stück", "pack_count": null, "price": 17.99, "currency": "EUR", "promo_type": "discount", "compare_price": null, "uvp": 29.99, "discount_pct": 40, "valid_from": "2025-11-13", "valid_to": "2025-11-19", "special_validity": null, "notes": "Altersempfehlung: ab 4 bzw. 8 Jahren. Begrenzte Vorratsmenge, evtl. ausverkauft; nicht in Kleinstfilialen erhältlich; Modelle/Größen/Farben können variieren."}
{"supermarket": "Lidl", "brand": "Perplexus GO", "product_name": "Perplexus GO", "variant": "Modell „Treppe“, Modell „Spirale“", "pack_size": "Ca. Ø 13 cm", "unit": "Stück", "pack_count": null, "price": 9.99, "currency": "EUR", "promo_type": "discount", "compare_price": null, "uvp": 12.99, "discount_pct": 23, "valid_from": "2025-11-13", "valid_to": "2025-11-19", "special_validity": null, "notes": "Altersempfehlung: ab 8 Jahren. Begrenzte Vorratsmenge, evtl. ausverkauft; nicht in Kleinstfilialen erhältlich; Modelle/Größen/Farben können variieren."}
{"supermarket": "Lidl", "brand": "Crivit", "product_name": "Pfeil- und Bogen-Set", "variant": null, "pack_size": "Zielscheibe: ca. B 58 x H 58 x T 7,5 cm", "unit": "Set", "pack_count": null, "price": 24.99, "currency": "EUR", "promo_type": "discount", "compare_price": null, "uvp": 29.99, "discount_pct": 16, "valid_from": "2025-11-13", "valid_to": "2025-11-19", "special_validity": null, "notes": "Pfeil und Bogen in praktischer Transportbox dient gleichzeitig als Zielscheibe. 3 Pfeile mit Saugnapf. Geeignet für Rechts- und Linkshänder. FLetzter Preis auf lidl.de zum Drucktermin. Begrenzte Vorratsmenge, evtl. ausverkauft; nicht in Kleinstfilialen erhältlich; Modelle/Größen/Farben können variieren."}
{"supermarket": "Lidl", "brand": "Bayer Design", "product_name": "Kombi-Puppenwagen", "variant": "Modell „Grande Megaset“", "pack_size": null, "unit": "Set", "pack_count": null, "price": 59.99, "currency": "EUR", "promo_type": "discount", "compare_price": null, "uvp": 99.99, "discount_pct": 40, "valid_from": "2025-11-13", "valid_to": "2025-11-19", "special_validity": null, "notes": "Für Puppen bis zu einer Größe von ca. 46 cm. Inkl. Zubehör. Weitere Varianten erhältlich. Alle Artikel solange der Vorrat reicht. Preise inkl. MwSt. und zzgl. 5.95 € Versandkostenpauschale (soweit nicht anders angegeben). Nur für Endkunden mit Lieferanschrift in Deutschland. Online auf lidl.de bestellbar."}
{"supermarket": "Lidl", "brand": "Barbie", "product_name": "Spielset", "variant": "Modell „Puppe und Pferd“", "pack_size": null, "unit": "Set", "pack_count": null, "price": 24.99, "currency": "EUR", "promo_type": "discount", "compare_price": null, "uvp": 39.99, "discount_pct": 37, "valid_from": "2025-11-13", "valid_to": "2025-11-19", "special_validity": null, "notes": "Abnehmbares Zaumzeug sowie Sattel und Helm. Alle Artikel solange der Vorrat reicht. Preise inkl. MwSt. und zzgl. 5.95 € Versandkostenpauschale (soweit nicht anders angegeben). Nur für Endkunden mit Lieferanschrift in Deutschland. Online auf lidl.de bestellbar."}
{"supermarket": "Lidl", "brand": "Barbie", "product_name": "Puppenset", "variant": "Hund und Welpen", "pack_size": null, "unit": "Set", "pack_count": null, "price": 19.99, "currency": "EUR", "promo_type": "discount", "compare_price": null, "uvp": 34.99, "discount_pct": 42, "valid_from": "2025-11-13", "valid_to": "2025-11-19", "special_validity": null, "notes": "Alle Artikel solange der Vorrat reicht. Preise inkl. MwSt. und zzgl. 5.95 € Versandkostenpauschale (soweit nicht anders angegeben). Nur für Endkunden mit Lieferanschrift in Deutschland. Online auf lidl.de bestellbar."}
{"supermarket": "Lidl", "brand": "Barbie", "product_name": "Puppenset", "variant": "Haarspiel", "pack_size": null, "unit": "Set", "pack_count": null, "price": 19.99, "currency": "EUR", "promo_type": "discount", "compare_price": null, "uvp": 34.99, "discount_pct": 42, "valid_from": "2025-11-13", "valid_to": "2025-11-19", "special_validity": null, "notes": "Alle Artikel solange der Vorrat reicht. Preise inkl. MwSt. und zzgl. 5.95 € Versandkostenpauschale (soweit nicht anders angegeben). Nur für Endkunden mit Lieferanschrift in Deutschland. Online auf lidl.de bestellbar."}
{"supermarket": "Lidl", "brand": "Schleich", "product_name": "Horse Club Pferdebox", "variant": "Tori & Princess", "pack_size": null, "unit": "Set", "pack_count": null, "price": 24.99, "currency": "EUR", "promo_type": "discount", "compare_price": null, "uvp": 34.99, "discount_pct": 28, "valid_from": "2025-11-13", "valid_to": "2025-11-19", "special_validity": null, "notes": "Alle Artikel solange der Vorrat reicht. Preise inkl. MwSt. und zzgl. 5.95 € Versandkostenpauschale (soweit nicht anders angegeben). Nur für Endkunden mit Lieferanschrift in Deutschland. Online auf lidl.de bestellbar."}
{"supermarket": "Lidl", "brand": "Schleich", "product_name": "Horse Club Spielset", "variant": null, "pack_size": null, "unit": "Set", "pack_count": null, "price": 44.99, "currency": "EUR", "promo_type": "discount", "compare_price": null, "uvp": 64.99, "discount_pct": 30, "valid_from": "2025-11-13", "valid_to": "2025-11-19", "special_validity": null, "notes": "Bestehend aus Pick-up, Anhänger und Pferd. Abnehmbares Dach. Anhänger für zwei Pferde. Alle Artikel solange der Vorrat reicht. Preise inkl. MwSt. und zzgl. 5.95 € Versandkostenpauschale (soweit nicht anders angegeben). Nur für Endkunden mit Lieferanschrift in Deutschland. Online auf lidl.de bestellbar."}
{"supermarket": "Lidl", "brand": "Crivit", "product_name": "Kinder-Schneejacke", "variant": null, "pack_size": "Größen: 86/92–110/116", "unit": "Stück", "pack_count": null, "price": 12.99, "currency": "EUR", "promo_type": null, "compare_price": null, "uvp": null, "discount_pct": null, "valid_from": "2025-11-13", "valid_to": "2025-11-19", "special_validity": null, "notes": "Wassersäule des Obermaterials: 3.000 mm. Jacke mit Schneefang und Fleecefutter im Rückenteil. Reflektierende Details. 100% Polyester (recycelt). Genereller Hinweis: Alle Artikel solange der Vorrat reicht. Preise inkl. MwSt. und zzgl. 5.95 € Versandkostenpauschale (soweit nicht anders angegeben). Nur für Endkunden mit Lieferanschrift in Deutschland. Online auf lidl.de bestellbar."}
{"supermarket": "Lidl", "brand": "Crivit", "product_name": "Kinder-Schneehose", "variant": null, "pack_size": "Größen: 86/92–110/116", "unit": "Stück", "pack_count": null, "price": 9.99, "currency": "EUR", "promo_type": null, "compare_price": null, "uvp": null, "discount_pct": null, "valid_from": "2025-11-13", "valid_to": "2025-11-19", "special_validity": null, "notes": "Wassersäule des Obermaterials: 3.000 mm. Hose mit verstellbaren, elastischen Hosenträgern. Reflektierende Details. 100% Polyester (recycelt). Genereller Hinweis: Alle Artikel solange der Vorrat reicht. Preise inkl. MwSt. und zzgl. 5.95 € Versandkostenpauschale (soweit nicht anders angegeben). Nur für Endkunden mit Lieferanschrift in Deutschland. Online auf lidl.de bestellbar."}
{"supermarket": "Lidl", "brand": null, "product_name": "Baby-Schneeoverall", "variant": null, "pack_size": "Größen: 80-104", "unit": "Stück", "pack_count": null, "price": 14.99, "currency": "EUR", "promo_type": null, "compare_price": null, "uvp": null, "discount_pct": null, "valid_from": "2025-11-13", "valid_to": "2025-11-19", "special_validity": null, "notes": "Wassersäule des Obermaterials: 1.500 mm. Wasser-dicht, Wind-abweisend. 100% Polyester (recycelt). Genereller Hinweis: Alle Artikel solange der Vorrat reicht. Preise inkl. MwSt. und zzgl. 5.95 € Versandkostenpauschale (soweit nicht anders angegeben). Nur für Endkunden mit Lieferanschrift in Deutschland. Online auf lidl.de bestellbar."}
{"supermarket": "Lidl", "brand": "Crivit®", "product_name": "Kinder-Skijacke", "variant": null, "pack_size": "Größen: 122/128-146/152", "unit": "Stück", "pack_count": null, "price": 17.99, "currency": "EUR", "promo_type": null, "compare_price": null, "uvp": null, "discount_pct": null, "valid_from": "2025-11-13", "valid_to": "2025-11-19", "special_validity": null, "notes": "Wassersäule des Obermaterials: 3.000 mm. Wasser-dicht, Wind-dicht. Jacke mit Skipasstasche am Ärmel. Reflektierende Details. 100% Polyester (recycelt). Genereller Hinweis: Alle Artikel solange der Vorrat reicht. Preise inkl. MwSt. und zzgl. 5.95 € Versandkostenpauschale (soweit nicht anders angegeben). Nur für Endkunden mit Lieferanschrift in Deutschland. Online auf lidl.de bestellbar."}
{"supermarket": "Lidl", "brand": "Crivit®", "product_name": "Skihose", "variant": null, "pack_size": "Größen: 122/128-146/152", "unit": "Stück", "pack_count": null, "price": 12.99, "currency": "EUR", "promo_type": null, "compare_price": null, "uvp": null, "discount_pct": null, "valid_from": "2025-11-13", "valid_to": "2025-11-19", "special_validity": null, "notes": "Wassersäule des Obermaterials: 3.000 mm. Wasser-dicht, Wind-dicht. Hose mit verstellbaren, elastischen Hosenträgern. Reflektierende Details. 100% Polyester (recycelt). Genereller Hinweis: Alle Artikel solange der Vorrat reicht. Preise inkl. MwSt. und zzgl. 5.95 € Versandkostenpauschale (soweit nicht anders angegeben). Nur für Endkunden mit Lieferanschrift in Deutschland. Online auf lidl.de bestellbar."}
{"supermarket": "Lidl", "brand": null, "product_name": "Kinder Winterstiefel", "variant": "Größen: 31-37", "pack_size": "Größen: 31-37", "unit": "Stück", "pack_count": null, "price": 12.99, "currency": "EUR", "promo_type": null, "compare_price": null, "uvp": null, "discount_pct": null, "valid_from": "2025-11-13", "valid_to": "2025-11-19", "special_validity": null, "notes": "Futter aus weichem, wärmendem Textil, profilierte TPR-Laufsohle. Besonderheit: wasser-abweisend, herausnehmbare Decksohle. Genereller Hinweis: Alle Artikel solange der Vorrat reicht. Preise inkl. MwSt. und zzgl. 5.95 € Versandkostenpauschale (soweit nicht anders angegeben). Nur für Endkunden mit Lieferanschrift in Deutschland. Online auf lidl.de bestellbar."}
{"supermarket": "Lidl", "brand": null, "product_name": "Kinder Winterstiefel", "variant": "Größen: 25-30, Weitere Varianten erhältlich", "pack_size": "Größen: 25-30", "unit": "Stück", "pack_count": null, "price": 12.99, "currency": "EUR", "promo_type": null, "compare_price": null, "uvp": null, "discount_pct": null, "valid_from": "2025-11-13", "valid_to": "2025-11-19", "special_validity": null, "notes": "Futter aus weichem, wärmendem Textil, profilierte TPR-Laufsohle. Genereller Hinweis: Alle Artikel solange der Vorrat reicht. Preise inkl. MwSt. und zzgl. 5.95 € Versandkostenpauschale (soweit nicht anders angegeben). Nur für Endkunden mit Lieferanschrift in Deutschland. Online auf lidl.de bestellbar."}
{"supermarket": "Lidl", "brand": "Silvercrest®", "product_name": "Digitaler Premium-Glas-Wasserkocher", "variant": "Typ „SWGD 3000 B2“. Weitere Farbe: Rot.", "pack_size": "ca. 1,7 l", "unit": "Stück", "pack_count": null, "price": 19.99, "currency": "EUR", "promo_type": null, "compare_price": null, "uvp": null, "discount_pct": null, "valid_from": "2025-11-13", "valid_to": "2025-11-19", "special_validity": null, "notes": "3.000 W. Aus Borosilikatglas. Mit LED Farbwechsel. Einfaches Befüllen durch geschlossenen Deckel. FLetzter Preis auf lidl.de zum Drucktermin. Alle Artikel solange der Vorrat reicht. Preise inkl. MwSt. und zzgl. 5.95 € Versandkostenpauschale (soweit nicht anders angegeben). Nur für Endkunden mit Lieferanschrift in Deutschland. Online auf lidl.de bestellbar."}
{"supermarket": "Lidl", "brand": "Esmara", "product_name": "Flanell-Pyjama", "variant": "Grün kariert", "pack_size": "Damen: XS (32/34)-L (44/46); Herren: S (44/46)-XL (56/58)", "unit": "Stück", "pack_count": null, "price": 12.99, "currency": "EUR", "promo_type": null, "compare_price": null, "uvp": null, "discount_pct": null, "valid_from": "2025-11-13", "valid_to": "2025-11-19", "special_validity": null, "notes": "Reine Baumwolle. Alle Artikel solange der Vorrat reicht. Preise inkl. MwSt. und zzgl. 5.95 € Versandkostenpauschale (soweit nicht anders angegeben). Nur für Endkunden mit Lieferanschrift in Deutschland. Online auf lidl.de bestellbar."}
{"supermarket": "Lidl", "brand": "Esmara", "product_name": "Flanell-Pyjama", "variant": "Dunkelgrau", "pack_size": "Damen: XS (32/34)-L (44/46); Herren: S (44/46)-XL (56/58)", "unit": "Stück", "pack_count": null, "price": 12.99, "currency": "EUR", "promo_type": null, "compare_price": null, "uvp": null, "discount_pct": null, "valid_from": "2025-11-13", "valid_to": "2025-11-19", "special_validity": null, "notes": "Reine Baumwolle. Alle Artikel solange der Vorrat reicht. Preise inkl. MwSt. und zzgl. 5.95 € Versandkostenpauschale (soweit nicht anders angegeben). Nur für Endkunden mit Lieferanschrift in Deutschland. Online auf lidl.de bestellbar."}
{"supermarket": "Lidl", "brand": "Zündapp", "product_name": "Trekking-E-Bike, 28\"", "variant": "Damen", "pack_size": "Rahmenhöhe: ca. 50 cm", "unit": "Stück", "pack_count": null, "price": 899.00, "currency": "EUR", "promo_type": "discount", "compare_price": null, "uvp": 2399.00, "discount_pct": 62, "valid_from": "2025-11-13", "valid_to": "2025-11-19", "special_validity": null, "notes": "Typ „Z810 700c“. Li-Ionen-Akku (14,91 Ah/36,9 V). Heck-motor. Reichweite: ca. 130 km. zzgl. Lieferkosten-zuschlag 12.95. B Vorbehaltlich Bonitätsprüfung. Laufzeiten von 24 Monaten. Gesamtpreis 1026.65. Lidl Ratenzahlung 42.78 € pro Monat. Alle Artikel solange der Vorrat reicht. Preise inkl. MwSt. und zzgl. 5.95 € Versandkostenpauschale (soweit nicht anders angegeben). Nur für Endkunden mit Lieferanschrift in Deutschland. Online auf lidl.de bestellbar."}
{"supermarket": "Lidl", "brand": "Zündapp", "product_name": "Trekking-E-Bike, 28\"", "variant": "Herren", "pack_size": "Rahmenhöhe: ca. 50 cm", "unit": "Stück", "pack_count": null, "price": 899.00, "currency": "EUR", "promo_type": "discount", "compare_price": null, "uvp": 2399.00, "discount_pct": 62, "valid_from": "2025-11-13", "valid_to": "2025-11-19", "special_validity": null, "notes": "Typ „Z810 700c“. Li-Ionen-Akku (14,91 Ah/36,9 V). Heck-motor. Reichweite: ca. 130 km. zzgl. Lieferkosten-zuschlag 12.95. B Vorbehaltlich Bonitätsprüfung. Laufzeiten von 24 Monaten. Gesamtpreis 1026.65. Lidl Ratenzahlung 42.78 € pro Monat. Alle Artikel solange der Vorrat reicht. Preise inkl. MwSt. und zzgl. 5.95 € Versandkostenpauschale (soweit nicht anders angegeben). Nur für Endkunden mit Lieferanschrift in Deutschland. Online auf lidl.de bestellbar."}
{"supermarket": "Lidl", "brand": "Parkside®", "product_name": "Falt-Arbeitsbock", "variant": null, "pack_size": "max. 600 kg Belastbarkeit; ca. 613-855 mm Höhenverstellbar", "unit": "Set", "pack_count": 2, "price": 56.99, "currency": "EUR", "promo_type": "discount", "compare_price": null, "uvp": 78.98, "discount_pct": 28, "valid_from": "2025-11-13", "valid_to": "2025-11-19", "special_validity": null, "notes": "Mit Tragegriff. Universell einsetzbar als Arbeits- oder Sägebock. Auch einzeln für 39.99€ erhältlich. 4.2/5 rating based on 53 Bewertungen. Alle Artikel solange der Vorrat reicht. Preise inkl. MwSt. und zzgl. 5.95 € Versandkostenpauschale (soweit nicht anders angegeben). Nur für Endkunden mit Lieferanschrift in Deutschland. Online auf lidl.de bestellbar."}
{"supermarket": "Lidl", "brand": "Juskys", "product_name": "Polsterbett", "variant": "Modell „Nizza“", "pack_size": "Liegefläche: ca. 140 x 200 cm. Maße: ca. 148 x 216 cm", "unit": "Stück", "pack_count": null, "price": 309.00, "currency": "EUR", "promo_type": "discount", "compare_price": null, "uvp": 499.99, "discount_pct": 38, "valid_from": "2025-11-13", "valid_to": "2025-11-19", "special_validity": null, "notes": "Mit LED-Streifen an den Seitenteilen und dem Bettkasten. Ohne Deko. Weitere Größe erhältlich. zzgl. Lieferkosten-zuschlag 24.95. B Vorbehaltlich Bonitätsprüfung. Laufzeiten von 3,6,9,12,18 oder 24 Monaten. Ab 60 € und bis zu 5000 € Bestellwert mit monatlicher Mindestrate von 10€. Es gilt ein effektiver Jahreszins von 10.99% p.a, entspricht einem festen Sollzinssatz von 10,48% p.a. Repräsentatives Beispiel gem. §17 (4) PAngV: Nettodarlehensbetrag 200 €, Gesamtbetrag 212.10 €, 12 monatliche Raten à 17.68 €, eff. Jahreszins 10.99% p.a. Der Teilzahlungsverkäufer ist Lidl Digital Deutschland GmbH & Co. KG, Bonfelder Straße 2, 74206 Bad Wimpfen. bb Gilt für alle Bestellungen bis einschließlich 29.12.2025. Alle Artikel solange der Vorrat reicht. Preise inkl. MwSt. und zzgl. 5.95 € Versandkostenpauschale (soweit nicht anders angegeben). Nur für Endkunden mit Lieferanschrift in Deutschland. Online auf lidl.de bestellbar."}
{"supermarket": "Lidl", "brand": "Krups", "product_name": "Kaffeevollautomat", "variant": "Modell „ESSENTIAL EA8100 Series“", "pack_size": "1.450 W", "unit": "Stück", "pack_count": null, "price": 249.00, "currency": "EUR", "promo_type": "discount", "compare_price": null, "uvp": 749.99, "discount_pct": 66, "valid_from": "2025-11-13", "valid_to": "2025-11-19", "special_validity": null, "notes": "15 bar. Höhenverstellbarer Kaffeeauslauf von 60 mm bis 105 mm. „Cappuccino Plus“-Milchdüse: Aufschäumung direkt in der Tasse. Lidl Ratenzahlung 11.88 € pro Monat, Laufzeit 24 MonateB, Gesamtpreis 285.16. 4.5/5 rating based on 679 Bewertungen (Stand 1.8.2025). 4.7/5 rating based on 369 Bewertungen (Stand 1.8.2025). Alle Artikel solange der Vorrat reicht. Preise inkl. MwSt. und zzgl. 5.95 € Versandkostenpauschale (soweit nicht anders angegeben). Nur für Endkunden mit Lieferanschrift in Deutschland. Online auf lidl.de bestellbar."}
{"supermarket": "Lidl", "brand": "Tefal", "product_name": "Optigrill XL", "variant": "Typ „GC722834“", "pack_size": "2.000 W", "unit": "Stück", "pack_count": null, "price": 139.00, "currency": "EUR", "promo_type": "discount", "compare_price": null, "uvp": 429.99, "discount_pct": 67, "valid_from": "2025-11-13", "valid_to": "2025-11-19", "special_validity": null, "notes": "9 voreingestellte Grillprogramme. Automatische Anpassung der Grilltemperatur und Grillzyklen je nach Dicke und Art des Grillguts, Garzustand des Fleisches per Lichtindikator. Lidl Ratenzahlung 12.81 € pro Monat, Laufzeit 12 MonateB, Gesamtpreis 153.72. 4.9/5 rating based on 79 Bewertungen (Stand 1.8.2025). Alle Artikel solange der Vorrat reicht. Preise inkl. MwSt. und zzgl. 5.95 € Versandkostenpauschale (soweit nicht anders angegeben). Nur für Endkunden mit Lieferanschrift in Deutschland. Online auf lidl.de bestellbar."}
{"supermarket": "Lidl", "brand": "Philips", "product_name": "Café Gaia Kaffeemaschine", "variant": "Typ „HD7544/20“", "pack_size": "1.000 W", "unit": "Stück", "pack_count": null, "price": 54.99, "currency": "EUR", "promo_type": "discount", "compare_price": null, "uvp": 99.99, "discount_pct": 45, "valid_from": "2025-11-13", "valid_to": "2025-11-19", "special_validity": null, "notes": "Brühmenge: 8-12 Tassen. Doppelwandige Thermokanne aus Edelstahl. Alle Artikel solange der Vorrat reicht. Preise inkl. MwSt. und zzgl. 5.95 € Versandkostenpauschale (soweit nicht anders angegeben). Nur für Endkunden mit Lieferanschrift in Deutschland. Online auf lidl.de bestellbar."}
{"supermarket": "Lidl", "brand": "Silvercrest", "product_name": "Elektrische Gemüseraspel", "variant": null, "pack_size": "150 W", "unit": "Stück", "pack_count": null, "price": 24.99, "currency": "EUR", "promo_type": "discount", "compare_price": null, "uvp": 32.90, "discount_pct": 24, "valid_from": "2025-11-13", "valid_to": "2025-11-19", "special_validity": null, "notes": "5 Trommeleinsätze mit rostfreien Edelstahlklingen. Zum mühelosen Raspeln, Schneiden und Reiben. Einfüllschacht mit Stopfer. Einsätze im Gerät verstaubar. Kabellänge: ca. 100 cm. Alle Artikel solange der Vorrat reicht. Preise inkl. MwSt. und zzgl. 5.95 € Versandkostenpauschale (soweit nicht anders angegeben). Nur für Endkunden mit Lieferanschrift in Deutschland. Online auf lidl.de bestellbar."}
{"supermarket": "Lidl", "brand": "Silvercrest", "product_name": "Mikrowelle", "variant": "Typ „SMW 900 A1“", "pack_size": "Volumen ca. 25 l, 900 W", "unit": "Stück", "pack_count": null, "price": 119.00, "currency": "EUR", "promo_type": "discount", "compare_price": null, "uvp": 199.00, "discount_pct": 40, "valid_from": "2025-11-13", "valid_to": "2025-11-19", "special_validity": null, "notes": "4 in 1: Mikrowelle, Grill, Mikrowelle & Grill, Mikrowelle & Umluft. Lidl Ratenzahlung 14.53 € pro Monat, Laufzeit 9 MonateB, Gesamtpreis 130.74. Alle Artikel solange der Vorrat reicht. Preise inkl. MwSt. und zzgl. 5.95 € Versandkostenpauschale (soweit nicht anders angegeben). Nur für Endkunden mit Lieferanschrift in Deutschland. Online auf lidl.de bestellbar."}
```

-----

# 
```jsonl
{"supermarket": "Lidl", "brand": "Planteray", "product_name": "Barbados Rum XO Extra Old 20th Anniversary", "variant": null, "pack_size": "0,7", "unit": "l", "pack_count": null, "price": 34.99, "currency": "EUR", "promo_type": "discount", "compare_price": "1 l = 49.99", "uvp": 47.5, "discount_pct": 26, "valid_from": "2025-11-10", "valid_to": "2025-11-16", "special_validity": null, "notes": "Nur online"}
{"supermarket": "Lidl", "brand": "A.H. Riise", "product_name": "Non Plus Ultra Very Rare", "variant": "(Rum-Basis)", "pack_size": "0,7", "unit": "l", "pack_count": null, "price": 69.99, "currency": "EUR", "promo_type": "discount", "compare_price": "1 l = 99.99", "uvp": 94.99, "discount_pct": 26, "valid_from": "2025-11-10", "valid_to": "2025-11-16", "special_validity": null, "notes": "Nur online"}
{"supermarket": "Lidl", "brand": "Talisker", "product_name": "Skye Single Malt Scotch Whisky", "variant": null, "pack_size": "0,7", "unit": "l", "pack_count": null, "price": 29.99, "currency": "EUR", "promo_type": "discount", "compare_price": "1 l = 42.84", "uvp": 39.99, "discount_pct": 25, "valid_from": "2025-11-10", "valid_to": "2025-11-16", "special_validity": null, "notes": "Nur online"}
{"supermarket": "Lidl", "brand": "Ben Bracken", "product_name": "Speyside Single Malt Scotch Whisky 27 Jahre", "variant": null, "pack_size": "0,7", "unit": "l", "pack_count": null, "price": 74.99, "currency": "EUR", "promo_type": "discount", "compare_price": "1 l = 107.13", "uvp": 89.99, "discount_pct": 16, "valid_from": "2025-11-10", "valid_to": "2025-11-16", "special_validity": null, "notes": "Nur online"}
{"supermarket": "Lidl", "brand": "Takamaka", "product_name": "Dark Spiced", "variant": "(Rum-Basis)", "pack_size": "0,7", "unit": "l", "pack_count": null, "price": 13.99, "currency": "EUR", "promo_type": "discount", "compare_price": "1 l = 19.99", "uvp": 16.79, "discount_pct": 16, "valid_from": "2025-11-10", "valid_to": "2025-11-16", "special_validity": null, "notes": "Nur online"}
{"supermarket": "Lidl", "brand": "Massari", "product_name": "Sambuca", "variant": null, "pack_size": "0,7", "unit": "l", "pack_count": null, "price": 7.99, "currency": "EUR", "promo_type": "discount", "compare_price": "1 l = 11.41", "uvp": 9.99, "discount_pct": 20, "valid_from": "2025-11-10", "valid_to": "2025-11-16", "special_validity": null, "notes": "Nur online"}
{"supermarket": "Lidl", "brand": "Rémy Martin", "product_name": "Cognac Fine Champagne VSOP", "variant": null, "pack_size": "0,7", "unit": "l", "pack_count": null, "price": 42.99, "currency": "EUR", "promo_type": null, "compare_price": "1 l = 61.41", "uvp": null, "discount_pct": null, "valid_from": "2025-11-10", "valid_to": "2025-11-16", "special_validity": null, "notes": "Nur online"}
{"supermarket": "Lidl", "brand": "Livarno Home", "product_name": "LED-Leuchtstern", "variant": null, "pack_size": null, "unit": "Stück", "pack_count": 1, "price": 4.99, "currency": "EUR", "promo_type": "Tiefpreis Garantie", "compare_price": null, "uvp": 12.99, "discount_pct": 61, "valid_from": "2025-11-10", "valid_to": "2025-11-16", "special_validity": null, "notes": "Letzter Preis auf lidl.de zum Drucktermin. *Dieser Artikel kann aufgrund begrenzter Vorratsmenge im Laufe des ersten Angebotstages ausverkauft sein. Nonfood-Aktionsartikel nicht in Kleinstfilialen (lidl.de/kleinstfilialen) erhältlich. Modelle teilweise nicht in allen Größen und Farben erhältlich."}
{"supermarket": "Lidl", "brand": "Livarno Home", "product_name": "Mini-Schneekugel", "variant": null, "pack_size": null, "unit": "Stück", "pack_count": 1, "price": 1.00, "currency": "EUR", "promo_type": null, "compare_price": null, "uvp": null, "discount_pct": null, "valid_from": "2025-11-10", "valid_to": "2025-11-16", "special_validity": null, "notes": "*Dieser Artikel kann aufgrund begrenzter Vorratsmenge im Laufe des ersten Angebotstages ausverkauft sein. Nonfood-Aktionsartikel nicht in Kleinstfilialen (lidl.de/kleinstfilialen) erhältlich. Modelle teilweise nicht in allen Größen und Farben erhältlich."}
{"supermarket": "Lidl", "brand": "Livarno Home", "product_name": "LED-Fenstersticker", "variant": "6 LEDs", "pack_size": null, "unit": "Stück", "pack_count": 1, "price": 3.99, "currency": "EUR", "promo_type": null, "compare_price": null, "uvp": null, "discount_pct": null, "valid_from": "2025-11-10", "valid_to": "2025-11-16", "special_validity": null, "notes": "Weitere Variante erhältlich. *Dieser Artikel kann aufgrund begrenzter Vorratsmenge im Laufe des ersten Angebotstages ausverkauft sein. Nonfood-Aktionsartikel nicht in Kleinstfilialen (lidl.de/kleinstfilialen) erhältlich. Modelle teilweise nicht in allen Größen und Farben erhältlich."}
{"supermarket": "Lidl", "brand": "Livarno Home", "product_name": "Deko-Wichtel", "variant": null, "pack_size": null, "unit": "Stück", "pack_count": 1, "price": 0.99, "currency": "EUR", "promo_type": null, "compare_price": null, "uvp": null, "discount_pct": null, "valid_from": "2025-11-10", "valid_to": "2025-11-16", "special_validity": null, "notes": "*Dieser Artikel kann aufgrund begrenzter Vorratsmenge im Laufe des ersten Angebotstages ausverkauft sein. Nonfood-Aktionsartikel nicht in Kleinstfilialen (lidl.de/kleinstfilialen) erhältlich. Modelle teilweise nicht in allen Größen und Farben erhältlich."}
{"supermarket": "Lidl", "brand": "Silvercrest", "product_name": "Keksdosen-Set", "variant": "3-teilig", "pack_size": null, "unit": "Set", "pack_count": 1, "price": 3.99, "currency": "EUR", "promo_type": null, "compare_price": null, "uvp": null, "discount_pct": null, "valid_from": "2025-11-10", "valid_to": "2025-11-16", "special_validity": null, "notes": "Nutzvolumen ca. 1,4/2,7/3,9 l; Mit Sichtfenster; Nutzvolumen ca. 0,9/1,9/2,7 l; Weitere Variante erhältlich. *Dieser Artikel kann aufgrund begrenzter Vorratsmenge im Laufe des ersten Angebotstages ausverkauft sein. Nonfood-Aktionsartikel nicht in Kleinstfilialen (lidl.de/kleinstfilialen) erhältlich. Modelle teilweise nicht in allen Größen und Farben erhältlich."}
{"supermarket": "Lidl", "brand": "Livarno Home", "product_name": "LED-Lichtdekoration", "variant": "20 LEDs", "pack_size": null, "unit": "Stück", "pack_count": 1, "price": 2.99, "currency": "EUR", "promo_type": null, "compare_price": null, "uvp": null, "discount_pct": null, "valid_from": "2025-11-10", "valid_to": "2025-11-16", "special_validity": null, "notes": "*Dieser Artikel kann aufgrund begrenzter Vorratsmenge im Laufe des ersten Angebotstages ausverkauft sein. Nonfood-Aktionsartikel nicht in Kleinstfilialen (lidl.de/kleinstfilialen) erhältlich. Modelle teilweise nicht in allen Größen und Farben erhältlich."}
{"supermarket": "Lidl", "brand": "Livarno Home", "product_name": "Lichterkette", "variant": "20 LEDs", "pack_size": null, "unit": "Stück", "pack_count": 1, "price": 2.99, "currency": "EUR", "promo_type": null, "compare_price": null, "uvp": null, "discount_pct": null, "valid_from": "2025-11-10", "valid_to": "2025-11-16", "special_validity": null, "notes": "*Dieser Artikel kann aufgrund begrenzter Vorratsmenge im Laufe des ersten Angebotstages ausverkauft sein. Nonfood-Aktionsartikel nicht in Kleinstfilialen (lidl.de/kleinstfilialen) erhältlich. Modelle teilweise nicht in allen Größen und Farben erhältlich."}
{"supermarket": "Lidl", "brand": "Livarno Home", "product_name": "Lichterkette 20 LED-Kerzen", "variant": null, "pack_size": null, "unit": "Stück", "pack_count": 1, "price": 5.99, "currency": "EUR", "promo_type": "Tiefpreis Garantie", "compare_price": null, "uvp": 7.99, "discount_pct": 25, "valid_from": "2025-11-10", "valid_to": "2025-11-16", "special_validity": null, "notes": "Letzter Preis auf lidl.de zum Drucktermin. *Dieser Artikel kann aufgrund begrenzter Vorratsmenge im Laufe des ersten Angebotstages ausverkauft sein. Nonfood-Aktionsartikel nicht in Kleinstfilialen (lidl.de/kleinstfilialen) erhältlich. Modelle teilweise nicht in allen Größen und Farben erhältlich."}
{"supermarket": "Lidl", "brand": "Livarno Home", "product_name": "Lichterkette 50 LEDs", "variant": null, "pack_size": null, "unit": "Stück", "pack_count": 1, "price": 2.99, "currency": "EUR", "promo_type": "discount", "compare_price": null, "uvp": 3.99, "discount_pct": 25, "valid_from": "2025-11-10", "valid_to": "2025-11-16", "special_validity": null, "notes": "Letzter regulärer Filialpreis. *Dieser Artikel kann aufgrund begrenzter Vorratsmenge im Laufe des ersten Angebotstages ausverkauft sein. Nonfood-Aktionsartikel nicht in Kleinstfilialen (lidl.de/kleinstfilialen) erhältlich. Modelle teilweise nicht in allen Größen und Farben erhältlich."}
{"supermarket": "Lidl", "brand": "Livarno Home", "product_name": "LED-Solar-Lichterkette", "variant": "100 LEDs", "pack_size": null, "unit": "Stück", "pack_count": 1, "price": 4.99, "currency": "EUR", "promo_type": "Tiefpreis Garantie", "compare_price": null, "uvp": 12.99, "discount_pct": 61, "valid_from": "2025-11-10", "valid_to": "2025-11-16", "special_validity": null, "notes": "Nur online. Letzter Preis auf lidl.de zum Drucktermin. *Dieser Artikel kann aufgrund begrenzter Vorratsmenge im Laufe des ersten Angebotstages ausverkauft sein. Nonfood-Aktionsartikel nicht in Kleinstfilialen (lidl.de/kleinstfilialen) erhältlich. Modelle teilweise nicht in allen Größen und Farben erhältlich."}
{"supermarket": "Lidl", "brand": "Tronic", "product_name": "Akkus", "variant": "AA, 2500 mAh", "pack_size": null, "unit": "Stück", "pack_count": 4, "price": 3.99, "currency": "EUR", "promo_type": null, "compare_price": null, "uvp": null, "discount_pct": null, "valid_from": "2025-11-10", "valid_to": "2025-11-16", "special_validity": null, "notes": "Vorgeladen + wiederaufladbar. Weitere Variante erhältlich. Weitere Farbe: Schwarz. *Dieser Artikel kann aufgrund begrenzter Vorratsmenge im Laufe des ersten Angebotstages ausverkauft sein. Nonfood-Aktionsartikel nicht in Kleinstfilialen (lidl.de/kleinstfilialen) erhältlich. Modelle teilweise nicht in allen Größen und Farben erhältlich."}
{"supermarket": "Lidl", "brand": "Tronic", "product_name": "Steckdosenleiste", "variant": "3-fach", "pack_size": null, "unit": "Stück", "pack_count": 1, "price": 2.19, "currency": "EUR", "promo_type": null, "compare_price": null, "uvp": null, "discount_pct": null, "valid_from": "2025-11-10", "valid_to": "2025-11-16", "special_validity": null, "notes": "*Dieser Artikel kann aufgrund begrenzter Vorratsmenge im Laufe des ersten Angebotstages ausverkauft sein. Nonfood-Aktionsartikel nicht in Kleinstfilialen (lidl.de/kleinstfilialen) erhältlich. Modelle teilweise nicht in allen Größen und Farben erhältlich."}
{"supermarket": "Lidl", "brand": "Livarno Home", "product_name": "LED-Lichtervorhang/-netz", "variant": "96 bzw. 160 LEDs", "pack_size": null, "unit": "Set", "pack_count": 1, "price": 7.99, "currency": "EUR", "promo_type": null, "compare_price": null, "uvp": null, "discount_pct": null, "valid_from": "2025-11-10", "valid_to": "2025-11-16", "special_validity": null, "notes": "*Dieser Artikel kann aufgrund begrenzter Vorratsmenge im Laufe des ersten Angebotstages ausverkauft sein. Nonfood-Aktionsartikel nicht in Kleinstfilialen (lidl.de/kleinstfilialen) erhältlich. Modelle teilweise nicht in allen Größen und Farben erhältlich."}
{"supermarket": "Lidl", "brand": "Crelando", "product_name": "Geschenktaschen-Set", "variant": null, "pack_size": null, "unit": "Set", "pack_count": 1, "price": 1.29, "currency": "EUR", "promo_type": null, "compare_price": null, "uvp": null, "discount_pct": null, "valid_from": "2025-11-10", "valid_to": "2025-11-16", "special_validity": null, "notes": "In verschiedenen Farben und Größen erhältlich. Mit passenden Grußanhängern. *Dieser Artikel kann aufgrund begrenzter Vorratsmenge im Laufe des ersten Angebotstages ausverkauft sein. Nonfood-Aktionsartikel nicht in Kleinstfilialen (lidl.de/kleinstfilialen) erhältlich. Modelle teilweise nicht in allen Größen und Farben erhältlich."}
{"supermarket": "Lidl", "brand": "Crelando", "product_name": "Kreide-/Lackmarker", "variant": null, "pack_size": null, "unit": "Stück", "pack_count": 1, "price": 1.49, "currency": "EUR", "promo_type": null, "compare_price": null, "uvp": null, "discount_pct": null, "valid_from": "2025-11-10", "valid_to": "2025-11-16", "special_validity": null, "notes": "Auch als 2er-Set erhältlich. Weitere Varianten erhältlich. *Dieser Artikel kann aufgrund begrenzter Vorratsmenge im Laufe des ersten Angebotstages ausverkauft sein. Nonfood-Aktionsartikel nicht in Kleinstfilialen (lidl.de/kleinstfilialen) erhältlich. Modelle teilweise nicht in allen Größen und Farben erhältlich."}
{"supermarket": "Lidl", "brand": "Crelando", "product_name": "Schleifen-/Geschenkband-Set", "variant": "6 Geschenk-bänder", "pack_size": null, "unit": "Set", "pack_count": 6, "price": 1.00, "currency": "EUR", "promo_type": null, "compare_price": "1 m = -.02", "uvp": null, "discount_pct": null, "valid_from": "2025-11-10", "valid_to": "2025-11-16", "special_validity": null, "notes": "6 Geschenk-bänder (je ca. 5 mm x 10 m). Weitere Varianten erhältlich. *Dieser Artikel kann aufgrund begrenzter Vorratsmenge im Laufe des ersten Angebotstages ausverkauft sein. Nonfood-Aktionsartikel nicht in Kleinstfilialen (lidl.de/kleinstfilialen) erhältlich. Modelle teilweise nicht in allen Größen und Farben erhältlich."}
{"supermarket": "Lidl", "brand": "Crelando", "product_name": "Schleifen-/Geschenkband-Set", "variant": "15 Stern-schleifen", "pack_size": null, "unit": "Set", "pack_count": 15, "price": 1.00, "currency": "EUR", "promo_type": null, "compare_price": null, "uvp": null, "discount_pct": null, "valid_from": "2025-11-10", "valid_to": "2025-11-16", "special_validity": null, "notes": "Weitere Varianten erhältlich. *Dieser Artikel kann aufgrund begrenzter Vorratsmenge im Laufe des ersten Angebotstages ausverkauft sein. Nonfood-Aktionsartikel nicht in Kleinstfilialen (lidl.de/kleinstfilialen) erhältlich. Modelle teilweise nicht in allen Größen und Farben erhältlich."}
{"supermarket": "Lidl", "brand": "Crelando", "product_name": "Geschenkfolie", "variant": "transparent", "pack_size": null, "unit": "Stück", "pack_count": 1, "price": 1.00, "currency": "EUR", "promo_type": null, "compare_price": "1 m² = -.14/-.29", "uvp": null, "discount_pct": null, "valid_from": "2025-11-10", "valid_to": "2025-11-16", "special_validity": null, "notes": "Bedruckt; lösemittelfreie Druckfarben auf Wasserbasis; ca. 5 m x 70 cm. Weitere Varianten erhältlich. *Dieser Artikel kann aufgrund begrenzter Vorratsmenge im Laufe des ersten Angebotstages ausverkauft sein. Nonfood-Aktionsartikel nicht in Kleinstfilialen (lidl.de/kleinstfilialen) erhältlich. Modelle teilweise nicht in allen Größen und Farben erhältlich."}
{"supermarket": "Lidl", "brand": "Crelando", "product_name": "Geschenkpapier", "variant": null, "pack_size": null, "unit": "Stück", "pack_count": 1, "price": 1.00, "currency": "EUR", "promo_type": null, "compare_price": "1 m² = -.29", "uvp": null, "discount_pct": null, "valid_from": "2025-11-10", "valid_to": "2025-11-16", "special_validity": null, "notes": "Extrafeste Qualität. 80 g/m². Ca. 5 m x 70 cm. Weitere Varianten erhältlich. *Dieser Artikel kann aufgrund begrenzter Vorratsmenge im Laufe des ersten Angebotstages ausverkauft sein. Nonfood-Aktionsartikel nicht in Kleinstfilialen (lidl.de/kleinstfilialen) erhältlich. Modelle teilweise nicht in allen Größen und Farben erhältlich."}
{"supermarket": "Lidl", "brand": "Crelando", "product_name": "Packpapier", "variant": null, "pack_size": null, "unit": "Stück", "pack_count": 1, "price": 1.00, "currency": "EUR", "promo_type": null, "compare_price": "1 m² = -.29", "uvp": null, "discount_pct": null, "valid_from": "2025-11-10", "valid_to": "2025-11-16", "special_validity": null, "notes": "Beidseitig bedruckt. 70 g/m². Ca. 5 m x 70 cm. Weitere Varianten erhältlich. *Dieser Artikel kann aufgrund begrenzter Vorratsmenge im Laufe des ersten Angebotstages ausverkauft sein. Nonfood-Aktionsartikel nicht in Kleinstfilialen (lidl.de/kleinstfilialen) erhältlich. Modelle teilweise nicht in allen Größen und Farben erhältlich."}
{"supermarket": "Lidl", "brand": "Livarno Home", "product_name": "Duft-/Stufenkerzen", "variant": "4-teilig", "pack_size": null, "unit": "Set", "pack_count": 1, "price": 3.49, "currency": "EUR", "promo_type": null, "compare_price": null, "uvp": null, "discount_pct": null, "valid_from": "2025-11-10", "valid_to": "2025-11-16", "special_validity": null, "notes": "Weitere Varianten erhältlich. *Dieser Artikel kann aufgrund begrenzter Vorratsmenge im Laufe des ersten Angebotstages ausverkauft sein. Nonfood-Aktionsartikel nicht in Kleinstfilialen (lidl.de/kleinstfilialen) erhältlich. Modelle teilweise nicht in allen Größen und Farben erhältlich."}
{"supermarket": "Lidl", "brand": "Livarno Home", "product_name": "Kerzen", "variant": "4 Stück", "pack_size": "Ø 6 x H 12,5 cm", "unit": "Stück", "pack_count": 4, "price": 3.99, "currency": "EUR", "promo_type": null, "compare_price": null, "uvp": null, "discount_pct": null, "valid_from": "2025-11-10", "valid_to": "2025-11-16", "special_validity": null, "notes": "Brenndauer ca. 66/43/26 h. Auch als 2er und 6er Sets und weiteren Größen erhältlich. *Dieser Artikel kann aufgrund begrenzter Vorratsmenge im Laufe des ersten Angebotstages ausverkauft sein. Nonfood-Aktionsartikel nicht in Kleinstfilialen (lidl.de/kleinstfilialen) erhältlich. Modelle teilweise nicht in allen Größen und Farben erhältlich."}
{"supermarket": "Lidl", "brand": null, "product_name": "Stabfeuerzeug-Set", "variant": "3-teilig", "pack_size": null, "unit": "Set", "pack_count": 1, "price": 2.99, "currency": "EUR", "promo_type": null, "compare_price": null, "uvp": null, "discount_pct": null, "valid_from": "2025-11-10", "valid_to": "2025-11-16", "special_validity": null, "notes": "Weitere Farben: Türkis, Gelb, Grau. *Dieser Artikel kann aufgrund begrenzter Vorratsmenge im Laufe des ersten Angebotstages ausverkauft sein. Nonfood-Aktionsartikel nicht in Kleinstfilialen (lidl.de/kleinstfilialen) erhältlich. Modelle teilweise nicht in allen Größen und Farben erhältlich."}
{"supermarket": "Lidl", "brand": "Livarno Home", "product_name": "Mini-Duftkerze im Glas", "variant": null, "pack_size": null, "unit": "Stück", "pack_count": 1, "price": 0.89, "currency": "EUR", "promo_type": null, "compare_price": null, "uvp": null, "discount_pct": null, "valid_from": "2025-11-10", "valid_to": "2025-11-16", "special_validity": null, "notes": "Brenndauer ca. 9 h. Ca. Ø 6 x H 8 cm. Weitere Variante erhältlich. *Dieser Artikel kann aufgrund begrenzter Vorratsmenge im Laufe des ersten Angebotstages ausverkauft sein. Nonfood-Aktionsartikel nicht in Kleinstfilialen (lidl.de/kleinstfilialen) erhältlich. Modelle teilweise nicht in allen Größen und Farben erhältlich."}
{"supermarket": "Lidl", "brand": "Livarno Home", "product_name": "Duftkerze im Glas", "variant": null, "pack_size": null, "unit": "Stück", "pack_count": 1, "price": 3.99, "currency": "EUR", "promo_type": null, "compare_price": null, "uvp": null, "discount_pct": null, "valid_from": "2025-11-10", "valid_to": "2025-11-16", "special_validity": null, "notes": "Brenndauer ca. 60 h. Ca. Ø 10 x H 14 cm. Weitere Variante erhältlich. *Dieser Artikel kann aufgrund begrenzter Vorratsmenge im Laufe des ersten Angebotstages ausverkauft sein. Nonfood-Aktionsartikel nicht in Kleinstfilialen (lidl.de/kleinstfilialen) erhältlich. Modelle teilweise nicht in allen Größen und Farben erhältlich."}
{"supermarket": "Lidl", "brand": "Livarno Home", "product_name": "Maxi-Duftkerze im Glas", "variant": null, "pack_size": null, "unit": "Stück", "pack_count": 1, "price": 1.79, "currency": "EUR", "promo_type": null, "compare_price": null, "uvp": null, "discount_pct": null, "valid_from": "2025-11-10", "valid_to": "2025-11-16", "special_validity": null, "notes": "Brenndauer ca. 43 h. Ca. Ø 9,5 x H 11 cm. *Dieser Artikel kann aufgrund begrenzter Vorratsmenge im Laufe des ersten Angebotstages ausverkauft sein. Nonfood-Aktionsartikel nicht in Kleinstfilialen (lidl.de/kleinstfilialen) erhältlich. Modelle teilweise nicht in allen Größen und Farben erhältlich."}
{"supermarket": "Lidl", "brand": "Livarno", "product_name": "Duftkerze im Glas mit Holzdocht", "variant": null, "pack_size": null, "unit": "Stück", "pack_count": 1, "price": 2.99, "currency": "EUR", "promo_type": null, "compare_price": null, "uvp": null, "discount_pct": null, "valid_from": "2025-11-10", "valid_to": "2025-11-16", "special_validity": null, "notes": "Brenndauer ca. 25 h. Ca. H 8,5 cm. *Dieser Artikel kann aufgrund begrenzter Vorratsmenge im Laufe des ersten Angebotstages ausverkauft sein. Nonfood-Aktionsartikel nicht in Kleinstfilialen (lidl.de/kleinstfilialen) erhältlich. Modelle teilweise nicht in allen Größen und Farben erhältlich."}
{"supermarket": "Lidl", "brand": "Esmara", "product_name": "Plüsch-Pullover", "variant": "Damen", "pack_size": null, "unit": "Stück", "pack_count": 1, "price": 9.99, "currency": "EUR", "promo_type": "discount", "compare_price": null, "uvp": 12.99, "discount_pct": 23, "valid_from": "2025-11-10", "valid_to": "2025-11-16", "special_validity": null, "notes": "Kuschelig weich. Größen: S (36/38)-L (44/46). Weitere Farbe: Weiß, Beige. Letzter Preis auf lidl.de zum Drucktermin. *Dieser Artikel kann aufgrund begrenzter Vorratsmenge im Laufe des ersten Angebotstages ausverkauft sein. Nonfood-Aktionsartikel nicht in Kleinstfilialen (lidl.de/kleinstfilialen) erhältlich. Modelle teilweise nicht in allen Größen und Farben erhältlich."}
{"supermarket": "Lidl", "brand": "Esmara", "product_name": "Sweatkleid", "variant": "Damen", "pack_size": null, "unit": "Stück", "pack_count": 1, "price": 12.99, "currency": "EUR", "promo_type": "discount", "compare_price": null, "uvp": 16.99, "discount_pct": 23, "valid_from": "2025-11-10", "valid_to": "2025-11-16", "special_validity": null, "notes": "Größen: S (36/38)-L (44/46). Weitere Farbe: Weiß. Letzter Preis auf lidl.de zum Drucktermin. *Dieser Artikel kann aufgrund begrenzter Vorratsmenge im Laufe des ersten Angebotstages ausverkauft sein. Nonfood-Aktionsartikel nicht in Kleinstfilialen (lidl.de/kleinstfilialen) erhältlich. Modelle teilweise nicht in allen Größen und Farben erhältlich."}
{"supermarket": "Lidl", "brand": "Esmara", "product_name": "Plüsch-Leggings", "variant": "Damen", "pack_size": null, "unit": "Stück", "pack_count": 1, "price": 9.99, "currency": "EUR", "promo_type": "discount", "compare_price": null, "uvp": 12.99, "discount_pct": 23, "valid_from": "2025-11-10", "valid_to": "2025-11-16", "special_validity": null, "notes": "Kuschelig weich. Größen: S (36/38)-L (44/46). Weitere Farbe: Beige. Letzter Preis auf lidl.de zum Drucktermin. *Dieser Artikel kann aufgrund begrenzter Vorratsmenge im Laufe des ersten Angebotstages ausverkauft sein. Nonfood-Aktionsartikel nicht in Kleinstfilialen (lidl.de/kleinstfilialen) erhältlich. Modelle teilweise nicht in allen Größen und Farben erhältlich."}
{"supermarket": "Lidl", "brand": "Esmara", "product_name": "Plüsch-Pyjama", "variant": "2-teilig", "pack_size": null, "unit": "Stück", "pack_count": 1, "price": 12.99, "currency": "EUR", "promo_type": "discount", "compare_price": null, "uvp": 14.99, "discount_pct": 13, "valid_from": "2025-11-10", "valid_to": "2025-11-16", "special_validity": null, "notes": "Größen: XS (32/34)–L (44/46). Weitere Farbe: Grau/Gestreift. *Dieser Artikel kann aufgrund begrenzter Vorratsmenge im Laufe des ersten Angebotstages ausverkauft sein. Nonfood-Aktionsartikel nicht in Kleinstfilialen (lidl.de/kleinstfilialen) erhältlich. Modelle teilweise nicht in allen Größen und Farben erhältlich."}
{"supermarket": "Lidl", "brand": "Esmara Men", "product_name": "Hausschuhe", "variant": null, "pack_size": null, "unit": "Paar", "pack_count": 1, "price": 3.99, "currency": "EUR", "promo_type": "discount", "compare_price": null, "uvp": 4.99, "discount_pct": 20, "valid_from": "2025-11-10", "valid_to": "2025-11-16", "special_validity": null, "notes": "Größen: 41-46. Letzter Preis auf lidl.de zum Drucktermin. *Dieser Artikel kann aufgrund begrenzter Vorratsmenge im Laufe des ersten Angebotstages ausverkauft sein. Nonfood-Aktionsartikel nicht in Kleinstfilialen (lidl.de/kleinstfilialen) erhältlich. Modelle teilweise nicht in allen Größen und Farben erhältlich."}
{"supermarket": "Lidl", "brand": "Esmara/Livergy", "product_name": "Sweatjacke", "variant": "Damen/Herren", "pack_size": null, "unit": "Stück", "pack_count": 1, "price": 7.99, "currency": "EUR", "promo_type": null, "compare_price": null, "uvp": null, "discount_pct": null, "valid_from": "2025-11-10", "valid_to": "2025-11-16", "special_validity": null, "notes": "Damen Größen: S (36/38)-L (44/46). Herren Größen: M (48/50)-XL (56/58). Weitere Farbe: Navy, Weiß. *Dieser Artikel kann aufgrund begrenzter Vorratsmenge im Laufe des ersten Angebotstages ausverkauft sein. Nonfood-Aktionsartikel nicht in Kleinstfilialen (lidl.de/kleinstfilialen) erhältlich. Modelle teilweise nicht in allen Größen und Farben erhältlich."}
{"supermarket": "Lidl", "brand": "Esmara/Livergy", "product_name": "Sweathose", "variant": "Damen/Herren", "pack_size": null, "unit": "Stück", "pack_count": 1, "price": 7.49, "currency": "EUR", "promo_type": null, "compare_price": null, "uvp": null, "discount_pct": null, "valid_from": "2025-11-10", "valid_to": "2025-11-16", "special_validity": null, "notes": "Damen Größen: S (36/38)-L (44/46). Herren Größen: M (48/50)-XL (56/58). Weitere Farbe: Navy, Weiß. *Dieser Artikel kann aufgrund begrenzter Vorratsmenge im Laufe des ersten Angebotstages ausverkauft sein. Nonfood-Aktionsartikel nicht in Kleinstfilialen (lidl.de/kleinstfilialen) erhältlich. Modelle teilweise nicht in allen Größen und Farben erhältlich."}
{"supermarket": "Lidl", "brand": "Lupilu", "product_name": "Sweatanzug", "variant": "2-teilig", "pack_size": null, "unit": "Set", "pack_count": 1, "price": 7.99, "currency": "EUR", "promo_type": null, "compare_price": null, "uvp": null, "discount_pct": null, "valid_from": "2025-11-10", "valid_to": "2025-11-16", "special_validity": null, "notes": "Größen: 98/104-122/128. Weitere Farben: Blau, Creme. *Dieser Artikel kann aufgrund begrenzter Vorratsmenge im Laufe des ersten Angebotstages ausverkauft sein. Nonfood-Aktionsartikel nicht in Kleinstfilialen (lidl.de/kleinstfilialen) erhältlich. Modelle teilweise nicht in allen Größen und Farben erhältlich."}
{"supermarket": "Lidl", "brand": "Esmara", "product_name": "Spaghettiträgerhemden", "variant": "3 Stück", "pack_size": null, "unit": "Stück", "pack_count": 3, "price": 4.99, "currency": "EUR", "promo_type": "discount", "compare_price": null, "uvp": 6.99, "discount_pct": 28, "valid_from": "2025-11-10", "valid_to": "2025-11-16", "special_validity": null, "notes": "Größen: S (36/38)–XL (48/50). Weitere Sets: Schwarz und Dunkelpink, Hellpink, Weiß. Letzter Preis auf lidl.de zum Drucktermin. *Dieser Artikel kann aufgrund begrenzter Vorratsmenge im Laufe des ersten Angebotstages ausverkauft sein. Nonfood-Aktionsartikel nicht in Kleinstfilialen (lidl.de/kleinstfilialen) erhältlich. Modelle teilweise nicht in allen Größen und Farben erhältlich."}
{"supermarket": "Lidl", "brand": "Esmara", "product_name": "Achselhemden", "variant": "3 Stück", "pack_size": null, "unit": "Stück", "pack_count": 3, "price": 5.99, "currency": "EUR", "promo_type": null, "compare_price": null, "uvp": null, "discount_pct": null, "valid_from": "2025-11-10", "valid_to": "2025-11-16", "special_validity": null, "notes": "Größen: S (36/38)-3XL (56/58). Weitere Sets: Schwarz und Dunkelpink, Hellpink, Weiß. *Dieser Artikel kann aufgrund begrenzter Vorratsmenge im Laufe des ersten Angebotstages ausverkauft sein. Nonfood-Aktionsartikel nicht in Kleinstfilialen (lidl.de/kleinstfilialen) erhältlich. Modelle teilweise nicht in allen Größen und Farben erhältlich."}
{"supermarket": "Lidl", "brand": "Esmara", "product_name": "Bodys", "variant": "2 Stück", "pack_size": null, "unit": "Stück", "pack_count": 2, "price": 9.99, "currency": "EUR", "promo_type": "Tiefpreis Garantie", "compare_price": null, "uvp": 12.99, "discount_pct": 23, "valid_from": "2025-11-10", "valid_to": "2025-11-16", "special_validity": null, "notes": "Größen: S (36/38)-L (44/46). Letzter Preis auf lidl.de zum Drucktermin. *Dieser Artikel kann aufgrund begrenzter Vorratsmenge im Laufe des ersten Angebotstages ausverkauft sein. Nonfood-Aktionsartikel nicht in Kleinstfilialen (lidl.de/kleinstfilialen) erhältlich. Modelle teilweise nicht in allen Größen und Farben erhältlich."}
{"supermarket": "Lidl", "brand": "Esmara", "product_name": "Slips", "variant": "3 Stück", "pack_size": null, "unit": "Stück", "pack_count": 3, "price": 2.69, "currency": "EUR", "promo_type": "discount", "compare_price": null, "uvp": 3.99, "discount_pct": 32, "valid_from": "2025-11-10", "valid_to": "2025-11-16", "special_validity": null, "notes": "Größen: S (36/38)-XL (48/50). Weitere Sets: Schwarz und Dunkelpink, Hellpink, Weiß. Letzter Preis auf lidl.de zum Drucktermin. *Dieser Artikel kann aufgrund begrenzter Vorratsmenge im Laufe des ersten Angebotstages ausverkauft sein. Nonfood-Aktionsartikel nicht in Kleinstfilialen (lidl.de/kleinstfilialen) erhältlich. Modelle teilweise nicht in allen Größen und Farben erhältlich."}
{"supermarket": "Lidl", "brand": "Esmara", "product_name": "Strings mit Spitze", "variant": "5 Stück", "pack_size": null, "unit": "Stück", "pack_count": 5, "price": 6.99, "currency": "EUR", "promo_type": "discount", "compare_price": null, "uvp": 8.99, "discount_pct": 22, "valid_from": "2025-11-10", "valid_to": "2025-11-16", "special_validity": null, "notes": "Größen: S (36/38)-XL (48/50). Weitere Sets: Schwarz und Dunkelpink, Hellpink, Weiß. Letzter Preis auf lidl.de zum Drucktermin. *Dieser Artikel kann aufgrund begrenzter Vorratsmenge im Laufe des ersten Angebotstages ausverkauft sein. Nonfood-Aktionsartikel nicht in Kleinstfilialen (lidl.de/kleinstfilialen) erhältlich. Modelle teilweise nicht in allen Größen und Farben erhältlich."}
{"supermarket": "Lidl", "brand": "Esmara", "product_name": "Hipster mit Spitze", "variant": "5 Stück", "pack_size": null, "unit": "Stück", "pack_count": 5, "price": 8.99, "currency": "EUR", "promo_type": "discount", "compare_price": null, "uvp": 11.99, "discount_pct": 25, "valid_from": "2025-11-10", "valid_to": "2025-11-16", "special_validity": null, "notes": "Größen: S (36/38)-L (44/46). Weitere Sets: Schwarz und Dunkelpink, Hellpink, Weiß. Letzter Preis auf lidl.de zum Drucktermin. *Dieser Artikel kann aufgrund begrenzter Vorratsmenge im Laufe des ersten Angebotstages ausverkauft sein. Nonfood-Aktionsartikel nicht in Kleinstfilialen (lidl.de/kleinstfilialen) erhältlich. Modelle teilweise nicht in allen Größen und Farben erhältlich."}
{"supermarket": "Lidl", "brand": "Esmara", "product_name": "Slips", "variant": "Mit hoher Taille, 5 Stück", "pack_size": null, "unit": "Stück", "pack_count": 5, "price": 4.99, "currency": "EUR", "promo_type": "discount", "compare_price": null, "uvp": 8.99, "discount_pct": 44, "valid_from": "2025-11-10", "valid_to": "2025-11-16", "special_validity": null, "notes": "Größen: S (36/38)-L (44/46). Weitere Sets: Schwarz und Dunkelpink, Hellpink, Weiß. Letzter Preis auf lidl.de zum Drucktermin. *Dieser Artikel kann aufgrund begrenzter Vorratsmenge im Laufe des ersten Angebotstages ausverkauft sein. Nonfood-Aktionsartikel nicht in Kleinstfilialen (lidl.de/kleinstfilialen) erhältlich. Modelle teilweise nicht in allen Größen und Farben erhältlich."}
```

-----

# 
```jsonl
{"supermarket": "Lidl", "brand": "L'Oréal", "product_name": "Men Expert Duschgel", "variant": "Versch. Sorten.", "pack_size": "1 l", "unit": "l", "pack_count": null, "price": 5.99, "currency": "EUR", "promo_type": "discount", "compare_price": null, "uvp": 6.99, "discount_pct": 14, "valid_from": "2025-11-10", "valid_to": "2025-11-15", "special_validity": null, "notes": "Dieser Artikel kann aufgrund begrenzter Vorratsmenge bereits im Laufe des ersten Angebotstages ausverkauft sein."}
{"supermarket": "Lidl", "brand": "Dan Klorix", "product_name": "Hygiene-Reiniger", "variant": null, "pack_size": "1.5 l", "unit": "l", "pack_count": null, "price": 1.99, "currency": "EUR", "promo_type": "discount", "compare_price": "1l = 1.33", "uvp": 2.49, "discount_pct": 20, "valid_from": "2025-11-10", "valid_to": "2025-11-15", "special_validity": null, "notes": "Dieser Artikel kann aufgrund begrenzter Vorratsmenge bereits im Laufe des ersten Angebotstages ausverkauft sein. DanKlorix Hygiene-Reiniger vorsichtig verwenden. Vor Gebrauch stets Etikett und Produktinformationen lesen."}
{"supermarket": "Lidl", "brand": "Meridol", "product_name": "Zahnbürste", "variant": null, "pack_size": "2 Stück", "unit": null, "pack_count": 2, "price": 6.49, "currency": "EUR", "promo_type": "2er-Pack", "compare_price": null, "uvp": null, "discount_pct": null, "valid_from": "2025-11-10", "valid_to": "2025-11-15", "special_validity": null, "notes": "Dieser Artikel kann aufgrund begrenzter Vorratsmenge bereits im Laufe des ersten Angebotstages ausverkauft sein."}
{"supermarket": "Lidl", "brand": "Ajax", "product_name": "Allzweckreiniger", "variant": "Versch. Sorten.", "pack_size": "2 l", "unit": "l", "pack_count": null, "price": 2.49, "currency": "EUR", "promo_type": "discount", "compare_price": "1l = 1.25", "uvp": 3.79, "discount_pct": 34, "valid_from": "2025-11-10", "valid_to": "2025-11-15", "special_validity": null, "notes": "Dieser Artikel kann aufgrund begrenzter Vorratsmenge bereits im Laufe des ersten Angebotstages ausverkauft sein. Ajax Allzweckreiniger vorsichtig verwenden. Vor Gebrauch stets Etikett und Produktinformationen lesen."}
{"supermarket": "Lidl", "brand": "Meridol", "product_name": "Mundspülung Zahnfleischschutz", "variant": null, "pack_size": "100 ml", "unit": "ml", "pack_count": null, "price": 1.59, "currency": "EUR", "promo_type": "discount", "compare_price": "1l = 15.90", "uvp": 1.99, "discount_pct": 20, "valid_from": "2025-11-10", "valid_to": "2025-11-15", "special_validity": null, "notes": "Dieser Artikel kann aufgrund begrenzter Vorratsmenge bereits im Laufe des ersten Angebotstages ausverkauft sein."}
{"supermarket": "Lidl", "brand": "00 Null-Null", "product_name": "WC Aktiv Gel 4in1", "variant": "Versch. Sorten.", "pack_size": "750 ml", "unit": "ml", "pack_count": null, "price": 1.49, "currency": "EUR", "promo_type": "discount", "compare_price": "1l = 1.99", "uvp": 2.29, "discount_pct": 34, "valid_from": "2025-11-10", "valid_to": "2025-11-15", "special_validity": null, "notes": "Dieser Artikel kann aufgrund begrenzter Vorratsmenge bereits im Laufe des ersten Angebotstages ausverkauft sein. Im Aufsteller."}
{"supermarket": "Lidl", "brand": "Glade", "product_name": "Automatic Spray Nachfüller", "variant": "Versch. Sorten.", "pack_size": "2x 269 ml", "unit": "ml", "pack_count": 2, "price": 6.99, "currency": "EUR", "promo_type": "discount", "compare_price": "1l = 12.99", "uvp": 9.99, "discount_pct": 30, "valid_from": "2025-11-10", "valid_to": "2025-11-15", "special_validity": null, "notes": "Dieser Artikel kann aufgrund begrenzter Vorratsmenge bereits im Laufe des ersten Angebotstages ausverkauft sein. Duopack."}
{"supermarket": "Lidl", "brand": "Drano", "product_name": "Power-Gel Rohrfrei", "variant": null, "pack_size": "2x 1 l", "unit": "l", "pack_count": 2, "price": 4.69, "currency": "EUR", "promo_type": "discount", "compare_price": "1l = 2.35", "uvp": 7.89, "discount_pct": 40, "valid_from": "2025-11-10", "valid_to": "2025-11-15", "special_validity": null, "notes": "Dieser Artikel kann aufgrund begrenzter Vorratsmenge bereits im Laufe des ersten Angebotstages ausverkauft sein. 2er-Pack. Drano Power-Gel Rohrfrei vorsichtig verwenden. Vor Gebrauch stets Etikett und Produktinformationen lesen."}
{"supermarket": "Lidl", "brand": "WC Ente", "product_name": "Aqua Blue 4in1 Paradise Bay", "variant": null, "pack_size": "72 g", "unit": "g", "pack_count": null, "price": 2.22, "currency": "EUR", "promo_type": "discount", "compare_price": "1kg = 30.83", "uvp": 2.99, "discount_pct": 25, "valid_from": "2025-11-10", "valid_to": "2025-11-15", "special_validity": null, "notes": "Dieser Artikel kann aufgrund begrenzter Vorratsmenge bereits im Laufe des ersten Angebotstages ausverkauft sein. Im Aufsteller. WC Ente Aqua Blue 4in1 Paradise Bay vorsichtig verwenden. Vor Gebrauch stets Etikett und Produktinformationen lesen."}
{"supermarket": "Lidl", "brand": "Glade", "product_name": "Lufterfrischer Duftstecker Nachfüller", "variant": "Versch. Sorten.", "pack_size": "20 ml", "unit": "ml", "pack_count": null, "price": 3.33, "currency": "EUR", "promo_type": "discount", "compare_price": "1l = 166.50", "uvp": 4.99, "discount_pct": 33, "valid_from": "2025-11-10", "valid_to": "2025-11-15", "special_validity": null, "notes": "Dieser Artikel kann aufgrund begrenzter Vorratsmenge bereits im Laufe des ersten Angebotstages ausverkauft sein. Im Aufsteller."}
{"supermarket": "Lidl", "brand": "Catsan", "product_name": "Ultra Plus Klumpstreu", "variant": null, "pack_size": "10 l", "unit": "l", "pack_count": null, "price": 8.99, "currency": "EUR", "promo_type": "discount", "compare_price": "1l = 0.90", "uvp": 12.99, "discount_pct": 30, "valid_from": "2025-11-10", "valid_to": "2025-11-15", "special_validity": null, "notes": "Dieser Artikel kann aufgrund begrenzter Vorratsmenge bereits im Laufe des ersten Angebotstages ausverkauft sein."}
{"supermarket": "Lidl", "brand": "WC Ente", "product_name": "Frische-Siegel Nachfüller", "variant": "Versch. Sorten.", "pack_size": "2x 36 ml", "unit": "ml", "pack_count": 2, "price": 2.99, "currency": "EUR", "promo_type": "discount", "compare_price": "1l = 41.53", "uvp": 4.99, "discount_pct": 40, "valid_from": "2025-11-10", "valid_to": "2025-11-15", "special_validity": null, "notes": "Dieser Artikel kann aufgrund begrenzter Vorratsmenge bereits im Laufe des ersten Angebotstages ausverkauft sein. 2er-Pack. WC Ente Frische-Siegel Nachfüller vorsichtig verwenden. Vor Gebrauch stets Etikett und Produktinformationen lesen."}
{"supermarket": "Lidl", "brand": "Italiamo", "product_name": "Pesto XXL", "variant": "Versch. Sorten.", "pack_size": "540 g", "unit": "g", "pack_count": null, "price": 2.49, "currency": "EUR", "promo_type": null, "compare_price": "1kg = 4.61", "uvp": null, "discount_pct": null, "valid_from": "2025-11-10", "valid_to": "2025-11-15", "special_validity": null, "notes": "Dieser Artikel kann aufgrund begrenzter Vorratsmenge bereits im Laufe des ersten Angebotstages ausverkauft sein."}
{"supermarket": "Lidl", "brand": "Meridol", "product_name": "Zahnpasta Zahnfleischschutz", "variant": null, "pack_size": "2x 75 ml", "unit": "ml", "pack_count": 2, "price": 7.49, "currency": "EUR", "promo_type": "Aktion, Doppelpack", "compare_price": "1l = 49.93", "uvp": null, "discount_pct": null, "valid_from": "2025-11-10", "valid_to": "2025-11-15", "special_validity": null, "notes": "Dieser Artikel kann aufgrund begrenzter Vorratsmenge bereits im Laufe des ersten Angebotstages ausverkauft sein."}
{"supermarket": "Lidl", "brand": "Dulano", "product_name": "Salami Sticks XXL", "variant": "Versch. Sorten.", "pack_size": "120 g", "unit": "g", "pack_count": null, "price": 1.99, "currency": "EUR", "promo_type": "Aktion, +20 g gratis", "compare_price": "1kg = 16.58", "uvp": null, "discount_pct": null, "valid_from": "2025-11-10", "valid_to": "2025-11-15", "special_validity": null, "notes": "Dieser Artikel kann aufgrund begrenzter Vorratsmenge bereits im Laufe des ersten Angebotstages ausverkauft sein."}
{"supermarket": "Lidl", "brand": "Mister Choc", "product_name": "Duo Schoko Creme XXL", "variant": null, "pack_size": "1 kg", "unit": "kg", "pack_count": null, "price": 3.29, "currency": "EUR", "promo_type": "discount", "compare_price": null, "uvp": null, "discount_pct": 17, "valid_from": "2025-11-10", "valid_to": "2025-11-15", "special_validity": null, "notes": "Dieser Artikel kann aufgrund begrenzter Vorratsmenge bereits im Laufe des ersten Angebotstages ausverkauft sein. Standardpackung: 750 g."}
{"supermarket": "Lidl", "brand": "L'Oréal", "product_name": "Elvital Shampoo", "variant": "Versch. Sorten.", "pack_size": "1 l", "unit": "l", "pack_count": null, "price": 8.99, "currency": "EUR", "promo_type": "discount", "compare_price": null, "uvp": 10.99, "discount_pct": 18, "valid_from": "2025-11-10", "valid_to": "2025-11-15", "special_validity": null, "notes": "Dieser Artikel kann aufgrund begrenzter Vorratsmenge bereits im Laufe des ersten Angebotstages ausverkauft sein."}
{"supermarket": "Lidl", "brand": "Loacker", "product_name": "Maxi Waffeln", "variant": "Versch. Sorten.", "pack_size": "167.5 g", "unit": "g", "pack_count": null, "price": 1.99, "currency": "EUR", "promo_type": "discount", "compare_price": "1kg = 11.88", "uvp": 2.99, "discount_pct": 33, "valid_from": "2025-11-10", "valid_to": "2025-11-15", "special_validity": null, "notes": "Dieser Artikel kann aufgrund begrenzter Vorratsmenge bereits im Laufe des ersten Angebotstages ausverkauft sein."}
{"supermarket": "Lidl", "brand": "Sondey", "product_name": "Cantuccini XXL", "variant": "Mit Mandeln.", "pack_size": "300 g", "unit": "g", "pack_count": null, "price": 1.99, "currency": "EUR", "promo_type": null, "compare_price": "1kg = 6.63", "uvp": null, "discount_pct": null, "valid_from": "2025-11-10", "valid_to": "2025-11-15", "special_validity": null, "notes": "Dieser Artikel kann aufgrund begrenzter Vorratsmenge bereits im Laufe des ersten Angebotstages ausverkauft sein."}
{"supermarket": "Lidl", "brand": "Nivea", "product_name": "Pflegedusche", "variant": "Versch. Sorten.", "pack_size": "750 ml", "unit": "ml", "pack_count": null, "price": 4.99, "currency": "EUR", "promo_type": "discount", "compare_price": "1l = 6.65", "uvp": 5.99, "discount_pct": 16, "valid_from": "2025-11-10", "valid_to": "2025-11-15", "special_validity": null, "notes": "Dieser Artikel kann aufgrund begrenzter Vorratsmenge bereits im Laufe des ersten Angebotstages ausverkauft sein."}
{"supermarket": "Lidl", "brand": "Frisia", "product_name": "Ufonauten XL", "variant": null, "pack_size": "100 g", "unit": "g", "pack_count": null, "price": 1.89, "currency": "EUR", "promo_type": "discount", "compare_price": "1kg = 18.90", "uvp": 2.79, "discount_pct": 32, "valid_from": "2025-11-10", "valid_to": "2025-11-15", "special_validity": null, "notes": "Dieser Artikel kann aufgrund begrenzter Vorratsmenge bereits im Laufe des ersten Angebotstages ausverkauft sein."}
{"supermarket": "Lidl", "brand": "Solevita", "product_name": "Apfelsaft klar XXL", "variant": "Fruchtgehalt 100%. Aus Apfelsaftkonzentrat.", "pack_size": "2 l", "unit": "l", "pack_count": null, "price": 1.89, "currency": "EUR", "promo_type": "discount", "compare_price": "1l = 0.95", "uvp": null, "discount_pct": 11, "valid_from": "2025-11-10", "valid_to": "2025-11-15", "special_validity": null, "notes": "Dieser Artikel kann aufgrund begrenzter Vorratsmenge bereits im Laufe des ersten Angebotstages ausverkauft sein. Standardpackung: 1,5 l."}
{"supermarket": "Lidl", "brand": "Floralys", "product_name": "Supersoft Premium Toilettenpapier XXL", "variant": "4-lagig.", "pack_size": "16x 180 Blatt", "unit": "Blatt", "pack_count": 16, "price": 6.29, "currency": "EUR", "promo_type": "discount", "compare_price": null, "uvp": null, "discount_pct": 11, "valid_from": "2025-11-10", "valid_to": "2025-11-15", "special_validity": null, "notes": "Dieser Artikel kann aufgrund begrenzter Vorratsmenge bereits im Laufe des ersten Angebotstages ausverkauft sein. Standardpackung: 10x 180 Blatt. k) Preisvorteil gegenüber dem Rollen-Preis einer Standardpackung."}
{"supermarket": "Lidl", "brand": "Milbona", "product_name": "Gouda Holland mittelalt", "variant": "Am Stück.", "pack_size": "450 g", "unit": "g", "pack_count": null, "price": 3.69, "currency": "EUR", "promo_type": "discount", "compare_price": "1kg = 8.20", "uvp": 4.49, "discount_pct": 17, "valid_from": "2025-11-10", "valid_to": "2025-11-15", "special_validity": null, "notes": "Dieser Artikel kann aufgrund begrenzter Vorratsmenge bereits im Laufe des ersten Angebotstages ausverkauft sein. Mind. 16 Wochen gereift."}
{"supermarket": "Lidl", "brand": "Milbona", "product_name": "Frischkäse", "variant": "Versch. Sorten.", "pack_size": "175 g", "unit": "g", "pack_count": null, "price": 0.99, "currency": "EUR", "promo_type": "discount", "compare_price": "1kg = 5.66", "uvp": 1.19, "discount_pct": 16, "valid_from": "2025-11-10", "valid_to": "2025-11-15", "special_validity": null, "notes": "Dieser Artikel kann aufgrund begrenzter Vorratsmenge bereits im Laufe des ersten Angebotstages ausverkauft sein."}
{"supermarket": "Lidl", "brand": "Milbona", "product_name": "Mozzarella", "variant": "Versch. Sorten.", "pack_size": "220/200 g", "unit": "g", "pack_count": null, "price": 0.69, "currency": "EUR", "promo_type": "discount", "compare_price": "Abtropfgewicht: 125 g, 1kg = 5.52", "uvp": 0.85, "discount_pct": 18, "valid_from": "2025-11-10", "valid_to": "2025-11-15", "special_validity": null, "notes": "Dieser Artikel kann aufgrund begrenzter Vorratsmenge bereits im Laufe des ersten Angebotstages ausverkauft sein."}
{"supermarket": "Lidl", "brand": "Milbona", "product_name": "Gouda Jung", "variant": "In Scheiben.", "pack_size": "400 g", "unit": "g", "pack_count": null, "price": 2.09, "currency": "EUR", "promo_type": "discount", "compare_price": "1kg = 5.23", "uvp": 2.49, "discount_pct": 16, "valid_from": "2025-11-10", "valid_to": "2025-11-15", "special_validity": null, "notes": "Dieser Artikel kann aufgrund begrenzter Vorratsmenge bereits im Laufe des ersten Angebotstages ausverkauft sein."}
{"supermarket": "Lidl", "brand": "Milbona", "product_name": "Käse Aufschnitt", "variant": "Versch. Sorten.", "pack_size": "250 g", "unit": "g", "pack_count": null, "price": 1.59, "currency": "EUR", "promo_type": "discount", "compare_price": "1kg = 6.36", "uvp": 1.89, "discount_pct": 15, "valid_from": "2025-11-10", "valid_to": "2025-11-15", "special_validity": null, "notes": "Dieser Artikel kann aufgrund begrenzter Vorratsmenge bereits im Laufe des ersten Angebotstages ausverkauft sein."}
{"supermarket": "Lidl", "brand": "Milbona", "product_name": "Käse-Snack", "variant": "45/48% Fett i. Tr. in Würfeln. Versch. Sorten.", "pack_size": "220 g", "unit": "g", "pack_count": null, "price": 2.39, "currency": "EUR", "promo_type": "discount", "compare_price": "1kg = 10.86", "uvp": 2.69, "discount_pct": 11, "valid_from": "2025-11-10", "valid_to": "2025-11-15", "special_validity": null, "notes": "Dieser Artikel kann aufgrund begrenzter Vorratsmenge bereits im Laufe des ersten Angebotstages ausverkauft sein."}
{"supermarket": "Lidl", "brand": "Milbona", "product_name": "Cheddar", "variant": "Versch. Sorten.", "pack_size": "200/175 g", "unit": "g", "pack_count": null, "price": 1.99, "currency": "EUR", "promo_type": "discount", "compare_price": "1kg = 9.95/11.37", "uvp": 2.39, "discount_pct": 16, "valid_from": "2025-11-10", "valid_to": "2025-11-15", "special_validity": null, "notes": "Dieser Artikel kann aufgrund begrenzter Vorratsmenge bereits im Laufe des ersten Angebotstages ausverkauft sein. Mind. 9 Monate gereift."}
{"supermarket": "Lidl", "brand": "Milbona", "product_name": "Hirten-käse", "variant": "Käse in Salzlake gereift.", "pack_size": "250 g", "unit": "g", "pack_count": null, "price": 1.59, "currency": "EUR", "promo_type": "discount, Lidl Plus", "compare_price": "1kg = 6.36", "uvp": null, "discount_pct": 15, "valid_from": "2025-11-10", "valid_to": "2025-11-15", "special_validity": null, "notes": "Dieser Artikel kann aufgrund begrenzter Vorratsmenge bereits im Laufe des ersten Angebotstages ausverkauft sein. d) Angebot ausschließlich für Nutzer der Lidl Plus App. Es gelten die Angebots-/Couponbedingungen in der Lidl Plus App. Mehr Infos unter lidlplus.de. Normalpreis: 1.89, 1kg = 7.56."}
{"supermarket": "Lidl", "brand": "Milbona", "product_name": "Sandwich Scheiben", "variant": "Versch. Sorten.", "pack_size": "200 g", "unit": "g", "pack_count": null, "price": 2.29, "currency": "EUR", "promo_type": "discount, Lidl Plus", "compare_price": "1kg = 11.45", "uvp": null, "discount_pct": 14, "valid_from": "2025-11-10", "valid_to": "2025-11-15", "special_validity": null, "notes": "Dieser Artikel kann aufgrund begrenzter Vorratsmenge bereits im Laufe des ersten Angebotstages ausverkauft sein. d) Angebot ausschließlich für Nutzer der Lidl Plus App. Es gelten die Angebots-/Couponbedingungen in der Lidl Plus App. Mehr Infos unter lidlplus.de. Normalpreis: 2.69, 1kg = 13.45."}
{"supermarket": "Lidl", "brand": "Milbona Bioland", "product_name": "Speisequark", "variant": "Magerstufe.", "pack_size": "250 g", "unit": "g", "pack_count": null, "price": 1.09, "currency": "EUR", "promo_type": null, "compare_price": "1kg = 4.36", "uvp": null, "discount_pct": null, "valid_from": "2025-11-10", "valid_to": "2025-11-15", "special_validity": null, "notes": "Dieser Artikel kann aufgrund begrenzter Vorratsmenge bereits im Laufe des ersten Angebotstages ausverkauft sein."}
{"supermarket": "Lidl", "brand": "Milbona Bioland", "product_name": "Crème Fraîche", "variant": "30% Fett.", "pack_size": "150 g", "unit": "g", "pack_count": null, "price": 1.09, "currency": "EUR", "promo_type": null, "compare_price": "1kg = 7.27", "uvp": null, "discount_pct": null, "valid_from": "2025-11-10", "valid_to": "2025-11-15", "special_validity": null, "notes": "Dieser Artikel kann aufgrund begrenzter Vorratsmenge bereits im Laufe des ersten Angebotstages ausverkauft sein."}
{"supermarket": "Lidl", "brand": "Milbona Bioland", "product_name": "Frische fettarme Milch", "variant": "1,5% Fett.", "pack_size": "1 l", "unit": "l", "pack_count": null, "price": 1.25, "currency": "EUR", "promo_type": null, "compare_price": null, "uvp": null, "discount_pct": null, "valid_from": "2025-11-10", "valid_to": "2025-11-15", "special_validity": null, "notes": "Dieser Artikel kann aufgrund begrenzter Vorratsmenge bereits im Laufe des ersten Angebotstages ausverkauft sein."}
{"supermarket": "Lidl", "brand": "Milbona Bioland", "product_name": "Fruchtjoghurt", "variant": "Versch. Sorten.", "pack_size": "400 g", "unit": "g", "pack_count": null, "price": 1.19, "currency": "EUR", "promo_type": null, "compare_price": "1kg = 2.98", "uvp": null, "discount_pct": null, "valid_from": "2025-11-10", "valid_to": "2025-11-15", "special_validity": null, "notes": "Dieser Artikel kann aufgrund begrenzter Vorratsmenge bereits im Laufe des ersten Angebotstages ausverkauft sein."}
{"supermarket": "Lidl", "brand": "Milbona Bioland", "product_name": "Fruchtjoghurt", "variant": "Versch. Sorten.", "pack_size": "150 g", "unit": "g", "pack_count": null, "price": 0.59, "currency": "EUR", "promo_type": null, "compare_price": "1kg = 3.93", "uvp": null, "discount_pct": null, "valid_from": "2025-11-10", "valid_to": "2025-11-15", "special_validity": null, "notes": "Dieser Artikel kann aufgrund begrenzter Vorratsmenge bereits im Laufe des ersten Angebotstages ausverkauft sein."}
{"supermarket": "Lidl", "brand": "Milbona Bio", "product_name": "Joghurt mit Knuspermüsli", "variant": "Versch. Sorten.", "pack_size": "150 g", "unit": "g", "pack_count": null, "price": 0.95, "currency": "EUR", "promo_type": null, "compare_price": "1kg = 6.33", "uvp": null, "discount_pct": null, "valid_from": "2025-11-10", "valid_to": "2025-11-15", "special_validity": null, "notes": "Dieser Artikel kann aufgrund begrenzter Vorratsmenge bereits im Laufe des ersten Angebotstages ausverkauft sein."}
{"supermarket": "Lidl", "brand": "Sansibar Deluxe", "product_name": "Geschenkbox „Strandkorb“", "variant": "6-teilig, alkoholfrei. Enthält Thermogläser und Feinkost.", "pack_size": "Je Set", "unit": null, "pack_count": null, "price": 29.99, "currency": "EUR", "promo_type": null, "compare_price": null, "uvp": null, "discount_pct": null, "valid_from": "2025-11-02", "valid_to": "2025-11-15", "special_validity": "Ab So. 2.11. bis 15.11. Nur online", "notes": null}
{"supermarket": "Lidl", "brand": "Sansibar Deluxe", "product_name": "Geschenkbox „Feinschmecker“", "variant": "7-teilig, inkl. Rotwein. Enthält Weingläser, Rotwein und Feinkost.", "pack_size": "Je Set", "unit": null, "pack_count": null, "price": 47.99, "currency": "EUR", "promo_type": null, "compare_price": null, "uvp": null, "discount_pct": null, "valid_from": "2025-11-02", "valid_to": "2025-11-15", "special_validity": "Ab So. 2.11. bis 15.11. Nur online", "notes": null}
{"supermarket": "Lidl", "brand": "Sansibar Deluxe", "product_name": "Geschenkbox „Schatzkiste“", "variant": "11-teilig, inkl. Champagner. Enthält Champagner, Rotwein, Grappa, Weingläser und Feinkost.", "pack_size": "Je Set", "unit": null, "pack_count": null, "price": 79.99, "currency": "EUR", "promo_type": null, "compare_price": null, "uvp": null, "discount_pct": null, "valid_from": "2025-11-02", "valid_to": "2025-11-15", "special_validity": "Ab So. 2.11. bis 15.11. Nur online", "notes": null}
{"supermarket": "Lidl", "brand": "Chandon", "product_name": "Garden Spritz", "variant": "Argentinien", "pack_size": "0.75 l", "unit": "l", "pack_count": null, "price": 17.99, "currency": "EUR", "promo_type": null, "compare_price": "1l = 23.99", "uvp": null, "discount_pct": null, "valid_from": "2025-11-02", "valid_to": "2025-11-15", "special_validity": "Ab So. 2.11. bis 15.11. Nur online", "notes": null}
{"supermarket": "Lidl", "brand": "Poggio Maru", "product_name": "Primitivo di Manduria DOP Rotwein", "variant": "trocken, Apulien/Italien", "pack_size": "0.75 l", "unit": "l", "pack_count": null, "price": 8.99, "currency": "EUR", "promo_type": "discount", "compare_price": "1l = 11.99", "uvp": 9.99, "discount_pct": 10, "valid_from": "2025-11-02", "valid_to": "2025-11-15", "special_validity": "Ab So. 2.11. bis 15.11. Nur online", "notes": null}
{"supermarket": "Lidl", "brand": "5 Oros", "product_name": "Rioja Crianza DOCa Rotwein", "variant": "trocken, Rioja/Spanien", "pack_size": "0.75 l", "unit": "l", "pack_count": null, "price": 6.99, "currency": "EUR", "promo_type": "discount", "compare_price": "1l = 9.32", "uvp": 8.99, "discount_pct": 22, "valid_from": "2025-11-02", "valid_to": "2025-11-15", "special_validity": "Ab So. 2.11. bis 15.11. Nur online", "notes": null}
{"supermarket": "Lidl", "brand": "Rémy Febras", "product_name": "Côtes du Rhône AOP Rotwein", "variant": "trocken, Rhône/Frankreich", "pack_size": "0.75 l", "unit": "l", "pack_count": null, "price": 5.99, "currency": "EUR", "promo_type": "discount", "compare_price": "1l = 7.99", "uvp": 6.99, "discount_pct": 14, "valid_from": "2025-11-02", "valid_to": "2025-11-15", "special_validity": "Ab So. 2.11. bis 15.11. Nur online", "notes": null}
{"supermarket": "Lidl", "brand": "Caves d'Esclans", "product_name": "Whispering Angel AOC Roséwein", "variant": "trocken, Provence/Frankreich", "pack_size": "0.75 l", "unit": "l", "pack_count": null, "price": 17.99, "currency": "EUR", "promo_type": "discount", "compare_price": "1l = 23.99", "uvp": 19.99, "discount_pct": 10, "valid_from": "2025-11-02", "valid_to": "2025-11-15", "special_validity": "Ab So. 2.11. bis 15.11. Nur online", "notes": null}
{"supermarket": "Lidl", "brand": "Sileni", "product_name": "Cellar Selection Sauvignon Blanc", "variant": "Weißwein, trocken, Marlborough/Neuseeland", "pack_size": "0.75 l", "unit": "l", "pack_count": null, "price": 9.99, "currency": "EUR", "promo_type": "discount", "compare_price": "1l = 13.32", "uvp": 12.49, "discount_pct": 20, "valid_from": "2025-11-02", "valid_to": "2025-11-15", "special_validity": "Ab So. 2.11. bis 15.11. Nur online", "notes": null}
{"supermarket": "Lidl", "brand": "Jean Cornelius", "product_name": "Pinot Blanc Collection Prestige AOC", "variant": "Weißwein, trocken, Elsass/Frankreich", "pack_size": "0.75 l", "unit": "l", "pack_count": null, "price": 5.99, "currency": "EUR", "promo_type": "discount", "compare_price": "1l = 7.99", "uvp": 7.99, "discount_pct": 25, "valid_from": "2025-11-02", "valid_to": "2025-11-15", "special_validity": "Ab So. 2.11. bis 15.11. Nur online", "notes": null}
```

-----

# 
```jsonl
{"supermarket": "Lidl", "brand": "Hammer", "product_name": "Kraftstation", "variant": "FERRUM TX2 II", "pack_size": null, "unit": null, "pack_count": null, "price": 589.00, "currency": "EUR", "promo_type": "discount", "compare_price": "Lidl Ratenzahlung 29.59 € pro Monat Laufzeit 24 MonateB Gesamtpreis 710.12", "uvp": 999.00, "discount_pct": 41, "valid_from": "2025-11-10", "valid_to": "2025-11-15", "special_validity": null, "notes": "online only; zzgl. Lieferkostenzuschlag 39.95"}
{"supermarket": "Lidl", "brand": "Kettler", "product_name": "Crosstrainer", "variant": "Optima 100", "pack_size": null, "unit": null, "pack_count": null, "price": 349.00, "currency": "EUR", "promo_type": "discount", "compare_price": "Lidl Ratenzahlung 18.40 € pro Monat Laufzeit 24 MonateB Gesamtpreis 441.69", "uvp": 749.00, "discount_pct": 53, "valid_from": "2025-11-10", "valid_to": "2025-11-15", "special_validity": null, "notes": "online only; zzgl. Lieferkostenzuschlag 39.95"}
{"supermarket": "Lidl", "brand": "Crivit", "product_name": "Wasser-Rudergerät", "variant": "Connected", "pack_size": null, "unit": null, "pack_count": null, "price": 339.00, "currency": "EUR", "promo_type": "discount", "compare_price": "Lidl Ratenzahlung 17.94 € pro Monat Laufzeit 24 MonateB Gesamtpreis 430.50", "uvp": 430.50, "discount_pct": 21, "valid_from": "2025-11-10", "valid_to": "2025-11-15", "special_validity": null, "notes": "online only; zzgl. Lieferkostenzuschlag 39.95"}
{"supermarket": "Lidl", "brand": "Hammer", "product_name": "Hantelbank", "variant": "Perform One", "pack_size": null, "unit": null, "pack_count": null, "price": 129.00, "currency": "EUR", "promo_type": "discount", "compare_price": "Lidl Ratenzahlung 13.07 € pro Monat Laufzeit 12 Monate Gesamtpreis 156.85", "uvp": 199.95, "discount_pct": 35, "valid_from": "2025-11-10", "valid_to": "2025-11-15", "special_validity": null, "notes": "online only; zzgl. Lieferkostenzuschlag 12.95"}
{"supermarket": "Lidl", "brand": "Crivit", "product_name": "Kurzhantelkoffer-Set", "variant": null, "pack_size": "20 kg", "unit": "kg", "pack_count": null, "price": 49.99, "currency": "EUR", "promo_type": null, "compare_price": null, "uvp": null, "discount_pct": null, "valid_from": "2025-11-10", "valid_to": "2025-11-15", "special_validity": null, "notes": "online only; 2 Hantelstangen, 4 Klemmverschlüssen, 8x 1-kg-Hantelscheiben, 4x 2-kg-Hantelscheiben"}
{"supermarket": "Lidl", "brand": "Crivit", "product_name": "SZ Stange", "variant": null, "pack_size": null, "unit": null, "pack_count": null, "price": 19.99, "currency": "EUR", "promo_type": null, "compare_price": null, "uvp": null, "discount_pct": null, "valid_from": "2025-11-10", "valid_to": "2025-11-15", "special_validity": null, "notes": "online only; passend für alle gängigen Hantelscheiben mit 30-mm-Bohrung. Mit 2 beiliegenden Klemmverschlüssen zur Scheibenbefestigung. Max. Beladung: 130 kg."}
{"supermarket": "Lidl", "brand": "Crivit", "product_name": "Gewichteset", "variant": null, "pack_size": "20 kg", "unit": "kg", "pack_count": null, "price": 19.99, "currency": "EUR", "promo_type": "discount", "compare_price": null, "uvp": 34.99, "discount_pct": 42, "valid_from": "2025-11-10", "valid_to": "2025-11-15", "special_validity": null, "notes": "online only; 8-teilig: 4x ca. 1,25-kg-Scheibe, 2x ca. 2,5-kg-Scheibe, 2x ca. 5-kg-Scheibe. Passend für alle gängigen Kurz- und Langhantelstangen mit einem Ø von ca. 30 mm."}
{"supermarket": "Lidl", "brand": null, "product_name": "Berliner", "variant": "mit Marillenfüllung", "pack_size": "450 g", "unit": "g", "pack_count": 6, "price": 2.49, "currency": "EUR", "promo_type": null, "compare_price": "1 kg = 5.53", "uvp": null, "discount_pct": null, "valid_from": "2025-11-10", "valid_to": "2025-11-15", "special_validity": null, "notes": "* Dieser Artikel kann aufgrund begrenzter Vorratsmenge bereits im Laufe des ersten Angebotstages ausverkauft sein"}
{"supermarket": "Lidl", "brand": null, "product_name": "Berliner", "variant": "mit Mehrfrucht-füllung", "pack_size": null, "unit": "Stück", "pack_count": 3, "price": 0.90, "currency": "EUR", "promo_type": "2+1 gratis", "compare_price": null, "uvp": 1.35, "discount_pct": 33, "valid_from": "2025-11-10", "valid_to": "2025-11-15", "special_validity": null, "notes": "Entspricht -.30/Stk. beim Kauf von 3 Stk. * Dieser Artikel kann aufgrund begrenzter Vorratsmenge bereits im Laufe des ersten Angebotstages ausverkauft sein"}
{"supermarket": "Lidl", "brand": "Hitschies", "product_name": "Saure Drachenzungen Hefeschnecke", "variant": null, "pack_size": null, "unit": "Stück", "pack_count": null, "price": 2.49, "currency": "EUR", "promo_type": "AKTION", "compare_price": null, "uvp": null, "discount_pct": null, "valid_from": "2025-11-10", "valid_to": "2025-11-15", "special_validity": null, "notes": "* Dieser Artikel kann aufgrund begrenzter Vorratsmenge bereits im Laufe des ersten Angebotstages ausverkauft sein"}
{"supermarket": "Lidl", "brand": null, "product_name": "Germknödel-krapfen", "variant": "Gefüllt", "pack_size": null, "unit": "Stück", "pack_count": null, "price": 0.99, "currency": "EUR", "promo_type": "AKTION", "compare_price": null, "uvp": null, "discount_pct": null, "valid_from": "2025-11-10", "valid_to": "2025-11-15", "special_validity": null, "notes": "* Dieser Artikel kann aufgrund begrenzter Vorratsmenge bereits im Laufe des ersten Angebotstages ausverkauft sein"}
{"supermarket": "Lidl", "brand": null, "product_name": "Berliner", "variant": "Nuss Nougat", "pack_size": null, "unit": "Stück", "pack_count": null, "price": 0.99, "currency": "EUR", "promo_type": null, "compare_price": null, "uvp": null, "discount_pct": null, "valid_from": "2025-11-10", "valid_to": "2025-11-15", "special_validity": null, "notes": "* Dieser Artikel kann aufgrund begrenzter Vorratsmenge bereits im Laufe des ersten Angebotstages ausverkauft sein"}
{"supermarket": "Lidl", "brand": null, "product_name": "Berliner", "variant": "Vanille", "pack_size": null, "unit": "Stück", "pack_count": null, "price": 0.99, "currency": "EUR", "promo_type": null, "compare_price": null, "uvp": null, "discount_pct": null, "valid_from": "2025-11-10", "valid_to": "2025-11-15", "special_validity": null, "notes": "* Dieser Artikel kann aufgrund begrenzter Vorratsmenge bereits im Laufe des ersten Angebotstages ausverkauft sein"}
{"supermarket": "Lidl", "brand": "Bio Metzgerfrisch", "product_name": "Frisches Rinderhackfleisch", "variant": "Bio", "pack_size": "400 g", "unit": "g", "pack_count": null, "price": 4.99, "currency": "EUR", "promo_type": "AKTION", "compare_price": "1 kg = 12.48", "uvp": null, "discount_pct": null, "valid_from": "2025-11-10", "valid_to": "2025-11-15", "special_validity": null, "notes": "Haltungsform 5 Bio; * Dieser Artikel kann aufgrund begrenzter Vorratsmenge bereits im Laufe des ersten Angebotstages ausverkauft sein"}
{"supermarket": "Lidl", "brand": "Metzgerfrisch Premium", "product_name": "Rinder-Chuck-Eye-Steak", "variant": "Australisch; Aus dem Nacken", "pack_size": "150-480 g", "unit": "g", "pack_count": null, "price": 3.99, "currency": "EUR", "promo_type": "AKTION", "compare_price": "kg-Preis = 19.99", "uvp": null, "discount_pct": null, "valid_from": "2025-11-10", "valid_to": "2025-11-15", "special_validity": null, "notes": "Ca. 150-480 g; * Dieser Artikel kann aufgrund begrenzter Vorratsmenge bereits im Laufe des ersten Angebotstages ausverkauft sein"}
{"supermarket": "Lidl", "brand": "Metzgerfrisch", "product_name": "Frisches Schweine-Hackfleisch", "variant": null, "pack_size": "1 kg", "unit": "kg", "pack_count": null, "price": 4.44, "currency": "EUR", "promo_type": "discount", "compare_price": null, "uvp": null, "discount_pct": 25, "valid_from": "2025-11-10", "valid_to": "2025-11-15", "special_validity": null, "notes": "Standardpackung: 500 g; * Dieser Artikel kann aufgrund begrenzter Vorratsmenge bereits im Laufe des ersten Angebotstages ausverkauft sein"}
{"supermarket": "Lidl", "brand": "Metzgerfrisch", "product_name": "Frisches Schweinefilet", "variant": "Ganz", "pack_size": "Ca. 520 g", "unit": "g", "pack_count": null, "price": 5.20, "currency": "EUR", "promo_type": "discount", "compare_price": "kg-Preis = 9.99", "uvp": 6.76, "discount_pct": 23, "valid_from": "2025-11-10", "valid_to": "2025-11-15", "special_validity": null, "notes": "Tiefpreis Garantie; * Dieser Artikel kann aufgrund begrenzter Vorratsmenge bereits im Laufe des ersten Angebotstages ausverkauft sein"}
{"supermarket": "Lidl", "brand": "XXL Metzgerfrisch", "product_name": "Chicken Nuggets", "variant": "Mit Curry- und Süß-Sauer-Dip", "pack_size": "1.3 kg", "unit": "kg", "pack_count": null, "price": 7.79, "currency": "EUR", "promo_type": null, "compare_price": "1 kg = 5.99", "uvp": null, "discount_pct": null, "valid_from": "2025-11-10", "valid_to": "2025-11-15", "special_validity": null, "notes": "* Dieser Artikel kann aufgrund begrenzter Vorratsmenge bereits im Laufe des ersten Angebotstages ausverkauft sein"}
{"supermarket": "Lidl", "brand": "Fischerstolz", "product_name": "ASC Norwegische Lachsforellenseite", "variant": "Mit Haut", "pack_size": "Ca. 800 g", "unit": "g", "pack_count": null, "price": 12.80, "currency": "EUR", "promo_type": "AKTION", "compare_price": "kg-Preis = 15.99", "uvp": null, "discount_pct": null, "valid_from": "2025-11-10", "valid_to": "2025-11-15", "special_validity": null, "notes": "Frischer Fisch, nie gefroren; * Dieser Artikel kann aufgrund begrenzter Vorratsmenge bereits im Laufe des ersten Angebotstages ausverkauft sein"}
{"supermarket": "Lidl", "brand": "Metzgerfrisch", "product_name": "Frisches Schweinegulasch", "variant": null, "pack_size": "500 g", "unit": "g", "pack_count": null, "price": 3.29, "currency": "EUR", "promo_type": "Mit Lidl Plus", "compare_price": "1 kg = 6.58; Normalpreis: 1 kg = 8.38", "uvp": 4.19, "discount_pct": 21, "valid_from": "2025-11-10", "valid_to": "2025-11-15", "special_validity": null, "notes": "d) Angebot ausschließlich für Nutzer der Lidl Plus App. Es gelten die Angebots-/Couponbedingungen in der Lidl Plus App. Mehr Infos unter lidlplus.de; * Dieser Artikel kann aufgrund begrenzter Vorratsmenge bereits im Laufe des ersten Angebotstages ausverkauft sein"}
{"supermarket": "Lidl", "brand": "Metzgerfrisch", "product_name": "Frische Grobe Bratwurst", "variant": "Vom Schwein", "pack_size": "400 g", "unit": "g", "pack_count": 5, "price": 2.19, "currency": "EUR", "promo_type": "Mit Lidl Plus", "compare_price": "1 kg = 5.48; Normalpreis: 1 kg = 7.23", "uvp": 2.89, "discount_pct": 24, "valid_from": "2025-11-10", "valid_to": "2025-11-15", "special_validity": null, "notes": "d) Angebot ausschließlich für Nutzer der Lidl Plus App. Es gelten die Angebots-/Couponbedingungen in der Lidl Plus App. Mehr Infos unter lidlplus.de; * Dieser Artikel kann aufgrund begrenzter Vorratsmenge bereits im Laufe des ersten Angebotstages ausverkauft sein"}
{"supermarket": "Lidl", "brand": "Dr. Oetker Ristorante", "product_name": "Pizza/Bistro Flammkuchen", "variant": "in versch. Sorten", "pack_size": "820/780/720/710/690/640/530 g", "unit": "g", "pack_count": 2, "price": 3.49, "currency": "EUR", "promo_type": "discount", "compare_price": "1 kg = 4.26/4.47/4.85/4.92/5.06/5.45/6.58", "uvp": 6.78, "discount_pct": 48, "valid_from": "2025-11-10", "valid_to": "2025-11-15", "special_validity": null, "notes": "Tiefpreis Garantie; * Dieser Artikel kann aufgrund begrenzter Vorratsmenge bereits im Laufe des ersten Angebotstages ausverkauft sein"}
{"supermarket": "Lidl", "brand": "Danone Actimel XXL", "product_name": "Actimel XXL", "variant": "Versch. Sorten", "pack_size": "100 g", "unit": "g", "pack_count": 12, "price": 2.99, "currency": "EUR", "promo_type": "discount", "compare_price": "1 kg = 2.49", "uvp": null, "discount_pct": 50, "valid_from": "2025-11-10", "valid_to": "2025-11-15", "special_validity": null, "notes": "Standardpackung: 8x 100 g; e) Preisvorteil gegenüber dem Grundpreis einer Standardpackung; * Dieser Artikel kann aufgrund begrenzter Vorratsmenge bereits im Laufe des ersten Angebotstages ausverkauft sein"}
{"supermarket": "Lidl", "brand": "Heinz", "product_name": "Snack Saucen", "variant": "Versch. Sorten", "pack_size": "400 ml", "unit": "ml", "pack_count": null, "price": 1.69, "currency": "EUR", "promo_type": "discount", "compare_price": "1 l = 4.23", "uvp": 2.99, "discount_pct": 43, "valid_from": "2025-11-10", "valid_to": "2025-11-15", "special_validity": null, "notes": "Im Aufsteller; Tiefpreis Garantie; * Dieser Artikel kann aufgrund begrenzter Vorratsmenge bereits im Laufe des ersten Angebotstages ausverkauft sein"}
{"supermarket": "Lidl", "brand": "Red Bull", "product_name": "Energy Drink", "variant": "Versch. Sorten", "pack_size": "0.25 l", "unit": "l", "pack_count": null, "price": 0.88, "currency": "EUR", "promo_type": "Mit Lidl Plus", "compare_price": "zzgl. 0.25 Pfand; 1 l = 3.96", "uvp": 1.39, "discount_pct": 36, "valid_from": "2025-11-10", "valid_to": "2025-11-15", "special_validity": null, "notes": "Taurin- und koffeinhaltig; Im Aufsteller; d) Angebot ausschließlich für Nutzer der Lidl Plus App. Es gelten die Angebots-/Couponbedingungen in der Lidl Plus App. Mehr Infos unter lidlplus.de; * Dieser Artikel kann aufgrund begrenzter Vorratsmenge bereits im Laufe des ersten Angebotstages ausverkauft sein"}
{"supermarket": "Lidl", "brand": "Kerrygold", "product_name": "Original Irische Butter", "variant": "Versch. Sorten", "pack_size": "250/200 g", "unit": "g", "pack_count": null, "price": 2.39, "currency": "EUR", "promo_type": "discount", "compare_price": "1 kg = 9.56/11.95", "uvp": 3.99, "discount_pct": 40, "valid_from": "2025-11-10", "valid_to": "2025-11-15", "special_validity": null, "notes": "* Dieser Artikel kann aufgrund begrenzter Vorratsmenge bereits im Laufe des ersten Angebotstages ausverkauft sein"}
{"supermarket": "Lidl", "brand": "Danone Activia XXL", "product_name": "Activia XXL", "variant": "Versch. Sorten", "pack_size": "115 g", "unit": "g", "pack_count": 8, "price": 3.33, "currency": "EUR", "promo_type": "discount", "compare_price": "1 kg = 3.62", "uvp": null, "discount_pct": 40, "valid_from": "2025-11-10", "valid_to": "2025-11-15", "special_validity": null, "notes": "Standardpackung: 4x 115 g; e) Preisvorteil gegenüber dem Grundpreis einer Standardpackung; * Dieser Artikel kann aufgrund begrenzter Vorratsmenge bereits im Laufe des ersten Angebotstages ausverkauft sein"}
{"supermarket": "Lidl", "brand": "Golden Sun", "product_name": "Basmati Reis", "variant": null, "pack_size": "1 kg", "unit": "kg", "pack_count": null, "price": 2.39, "currency": "EUR", "promo_type": "Mit Lidl Plus", "compare_price": null, "uvp": 2.99, "discount_pct": 20, "valid_from": "2025-11-10", "valid_to": "2025-11-15", "special_validity": null, "notes": "Im Aufsteller; * Dieser Artikel kann aufgrund begrenzter Vorratsmenge bereits im Laufe des ersten Angebotstages ausverkauft sein"}
{"supermarket": "Lidl", "brand": "Barilla", "product_name": "Pasta", "variant": "Versch. Sorten", "pack_size": "500 g", "unit": "g", "pack_count": null, "price": 1.69, "currency": "EUR", "promo_type": "discount", "compare_price": "1 kg = 3.38", "uvp": 2.85, "discount_pct": 40, "valid_from": "2025-11-10", "valid_to": "2025-11-15", "special_validity": null, "notes": "* Dieser Artikel kann aufgrund begrenzter Vorratsmenge bereits im Laufe des ersten Angebotstages ausverkauft sein"}
{"supermarket": "Lidl", "brand": "Knorr", "product_name": "Snackbecher", "variant": "Versch. Sorten", "pack_size": "65/64/63/62/61/60/59 g", "unit": "g", "pack_count": null, "price": 0.99, "currency": "EUR", "promo_type": "discount", "compare_price": "1 kg = 15.97/16.23/16.50/16.78", "uvp": 1.59, "discount_pct": 37, "valid_from": "2025-11-10", "valid_to": "2025-11-15", "special_validity": null, "notes": "* Dieser Artikel kann aufgrund begrenzter Vorratsmenge bereits im Laufe des ersten Angebotstages ausverkauft sein"}
{"supermarket": "Lidl", "brand": "Belbake", "product_name": "Mandelkerne", "variant": "Natur-belassen", "pack_size": "200 g", "unit": "g", "pack_count": null, "price": 1.79, "currency": "EUR", "promo_type": "Mit Lidl Plus", "compare_price": "1 kg = 8.95; Normalpreis: 1 kg = 12.45", "uvp": 2.49, "discount_pct": 28, "valid_from": "2025-11-10", "valid_to": "2025-11-15", "special_validity": null, "notes": "d) Angebot ausschließlich für Nutzer der Lidl Plus App. Es gelten die Angebots-/Couponbedingungen in der Lidl Plus App. Mehr Infos unter lidlplus.de; * Dieser Artikel kann aufgrund begrenzter Vorratsmenge bereits im Laufe des ersten Angebotstages ausverkauft sein"}
{"supermarket": "Lidl", "brand": "funny-frisch", "product_name": "Chipsfrisch", "variant": "Versch. Sorten", "pack_size": "150 g", "unit": "g", "pack_count": null, "price": 1.29, "currency": "EUR", "promo_type": "discount", "compare_price": "1 kg = 8.60", "uvp": 1.99, "discount_pct": 35, "valid_from": "2025-11-10", "valid_to": "2025-11-15", "special_validity": null, "notes": "Im Aufsteller; * Dieser Artikel kann aufgrund begrenzter Vorratsmenge bereits im Laufe des ersten Angebotstages ausverkauft sein"}
{"supermarket": "Lidl", "brand": "Coca-Cola", "product_name": "Cola/Fanta/Sprite/Mezzo Mix", "variant": "Versch. Sorten", "pack_size": "2 Liter", "unit": "l", "pack_count": null, "price": 1.69, "currency": "EUR", "promo_type": "discount", "compare_price": "zzgl. 0.25 Pfand; 1 l = -.85", "uvp": null, "discount_pct": 33, "valid_from": "2025-11-10", "valid_to": "2025-11-15", "special_validity": null, "notes": "Teilweise koffeinhaltig; Standardpackung: 1,25 l; e) Preisvorteil gegenüber dem Grundpreis einer Standardpackung; * Dieser Artikel kann aufgrund begrenzter Vorratsmenge bereits im Laufe des ersten Angebotstages ausverkauft sein"}
{"supermarket": "Lidl", "brand": "Milka", "product_name": "Tafelschokolade", "variant": "Versch. Sorten", "pack_size": "100/90/87 g", "unit": "g", "pack_count": null, "price": 1.11, "currency": "EUR", "promo_type": "Mit Lidl Plus", "compare_price": "1 kg = 12.90/14.33/14.83", "uvp": 1.99, "discount_pct": 44, "valid_from": "2025-11-10", "valid_to": "2025-11-15", "special_validity": null, "notes": "Im Aufsteller; d) Angebot ausschließlich für Nutzer der Lidl Plus App. Es gelten die Angebots-/Couponbedingungen in der Lidl Plus App. Mehr Infos unter lidlplus.de; * Dieser Artikel kann aufgrund begrenzter Vorratsmenge bereits im Laufe des ersten Angebotstages ausverkauft sein"}
{"supermarket": "Lidl", "brand": "Lipton", "product_name": "Ice Tea", "variant": "Versch. Sorten", "pack_size": "1.75 l", "unit": "l", "pack_count": null, "price": 1.49, "currency": "EUR", "promo_type": "discount", "compare_price": "zzgl. 0.25 Pfand; 1 l = -.85", "uvp": 2.19, "discount_pct": 31, "valid_from": "2025-11-10", "valid_to": "2025-11-15", "special_validity": null, "notes": "* Dieser Artikel kann aufgrund begrenzter Vorratsmenge bereits im Laufe des ersten Angebotstages ausverkauft sein"}
{"supermarket": "Lidl", "brand": "Mumm", "product_name": "Dry Jahrgangssekt", "variant": "Versch. Sorten", "pack_size": "0.75 l", "unit": "l", "pack_count": null, "price": 3.99, "currency": "EUR", "promo_type": "discount", "compare_price": "1 l = 5.32", "uvp": 6.49, "discount_pct": 38, "valid_from": "2025-11-10", "valid_to": "2025-11-15", "special_validity": null, "notes": "* Dieser Artikel kann aufgrund begrenzter Vorratsmenge bereits im Laufe des ersten Angebotstages ausverkauft sein"}
{"supermarket": "Lidl", "brand": "Ariel", "product_name": "Waschmittel", "variant": "Pods, Flüssig oder Pulver", "pack_size": "60/80/72 Waschladungen", "unit": "Waschladungen", "pack_count": null, "price": 15.99, "currency": "EUR", "promo_type": "Mit Lidl Plus", "compare_price": "1 WL = -.27/-.20/-.23; Normalpreis: 1 WL = -.32/-.24/-.27", "uvp": 18.95, "discount_pct": 15, "valid_from": "2025-11-10", "valid_to": "2025-11-15", "special_validity": null, "notes": "d) Angebot ausschließlich für Nutzer der Lidl Plus App. Es gelten die Angebots-/Couponbedingungen in der Lidl Plus App. Mehr Infos unter lidlplus.de; * Dieser Artikel kann aufgrund begrenzter Vorratsmenge bereits im Laufe des ersten Angebotstages ausverkauft sein"}
{"supermarket": "Lidl", "brand": "Energizer", "product_name": "Max Batterien", "variant": "Versch. Sorten", "pack_size": null, "unit": "Stück", "pack_count": 16, "price": 5.99, "currency": "EUR", "promo_type": "discount", "compare_price": null, "uvp": 14.99, "discount_pct": 60, "valid_from": "2025-11-10", "valid_to": "2025-11-15", "special_validity": null, "notes": "* Dieser Artikel kann aufgrund begrenzter Vorratsmenge bereits im Laufe des ersten Angebotstages ausverkauft sein"}
{"supermarket": "Lidl", "brand": "Segafredo Zanetti", "product_name": "Intermezzo", "variant": null, "pack_size": "1 kg", "unit": "kg", "pack_count": null, "price": 13.99, "currency": "EUR", "promo_type": "discount", "compare_price": null, "uvp": 21.99, "discount_pct": 36, "valid_from": "2025-11-10", "valid_to": "2025-11-15", "special_validity": null, "notes": "* Dieser Artikel kann aufgrund begrenzter Vorratsmenge bereits im Laufe des ersten Angebotstages ausverkauft sein"}
{"supermarket": "Lidl", "brand": "Capri-Sun", "product_name": "Capri-Sun", "variant": "Versch. Sorten", "pack_size": "200 ml", "unit": "ml", "pack_count": 10, "price": 3.29, "currency": "EUR", "promo_type": "discount", "compare_price": "1 l = 1.65", "uvp": 4.29, "discount_pct": 23, "valid_from": "2025-11-10", "valid_to": "2025-11-15", "special_validity": null, "notes": "* Dieser Artikel kann aufgrund begrenzter Vorratsmenge bereits im Laufe des ersten Angebotstages ausverkauft sein"}
{"supermarket": "Lidl", "brand": "Allini", "product_name": "Hot Bitterol/Fruchtglühwein", "variant": "Enthält Alkohol. Fruchtglühwein in versch. Sorten", "pack_size": "0.745 l", "unit": "l", "pack_count": null, "price": 2.49, "currency": "EUR", "promo_type": "AKTION", "compare_price": "1 l = 3.34", "uvp": null, "discount_pct": null, "valid_from": "2025-11-10", "valid_to": "2025-11-15", "special_validity": null, "notes": "Im Aufsteller; Auch online; * Dieser Artikel kann aufgrund begrenzter Vorratsmenge bereits im Laufe des ersten Angebotstages ausverkauft sein"}
{"supermarket": "Lidl", "brand": "Favorina", "product_name": "Weihnachtsmix mit Plüschfigur", "variant": "Versch. Figuren", "pack_size": "129 g", "unit": "g", "pack_count": null, "price": 6.99, "currency": "EUR", "promo_type": "AKTION", "compare_price": "1 kg = 51.19", "uvp": null, "discount_pct": null, "valid_from": "2025-11-10", "valid_to": "2025-11-15", "special_validity": null, "notes": "* Dieser Artikel kann aufgrund begrenzter Vorratsmenge bereits im Laufe des ersten Angebotstages ausverkauft sein"}
{"supermarket": "Lidl", "brand": "Favorina", "product_name": "Sprechende Plüschfigur mit Fruchtgummi", "variant": "Versch. Figuren", "pack_size": "50 g", "unit": "g", "pack_count": null, "price": 11.99, "currency": "EUR", "promo_type": "AKTION", "compare_price": "1 kg = 239.80", "uvp": null, "discount_pct": null, "valid_from": "2025-11-10", "valid_to": "2025-11-15", "special_validity": null, "notes": "* Dieser Artikel kann aufgrund begrenzter Vorratsmenge bereits im Laufe des ersten Angebotstages ausverkauft sein"}
{"supermarket": "Lidl", "brand": "Milka", "product_name": "Feine Kugeln", "variant": "Versch. Sorten", "pack_size": "90 g", "unit": "g", "pack_count": null, "price": 1.99, "currency": "EUR", "promo_type": "discount", "compare_price": "1 kg = 22.11", "uvp": 3.29, "discount_pct": 39, "valid_from": "2025-11-10", "valid_to": "2025-11-15", "special_validity": null, "notes": "Im Aufsteller; * Dieser Artikel kann aufgrund begrenzter Vorratsmenge bereits im Laufe des ersten Angebotstages ausverkauft sein"}
{"supermarket": "Lidl", "brand": "Kinder", "product_name": "Kugeln", "variant": "Milk & Hazelnut Sensations", "pack_size": "90 g", "unit": "g", "pack_count": null, "price": 3.29, "currency": "EUR", "promo_type": "AKTION", "compare_price": "1 kg = 36.56", "uvp": null, "discount_pct": null, "valid_from": "2025-11-10", "valid_to": "2025-11-15", "special_validity": null, "notes": "* Dieser Artikel kann aufgrund begrenzter Vorratsmenge bereits im Laufe des ersten Angebotstages ausverkauft sein"}
{"supermarket": "Lidl", "brand": "Kinder", "product_name": "Überraschung Riesen-Ei", "variant": "Versch. Motive", "pack_size": "220 g", "unit": "g", "pack_count": null, "price": 9.99, "currency": "EUR", "promo_type": null, "compare_price": "1 kg = 45.41", "uvp": null, "discount_pct": null, "valid_from": "2025-11-10", "valid_to": "2025-11-15", "special_validity": null, "notes": "* Dieser Artikel kann aufgrund begrenzter Vorratsmenge bereits im Laufe des ersten Angebotstages ausverkauft sein"}
{"supermarket": "Lidl", "brand": "Ferrero", "product_name": "Mixpack Milch-Schnitte/Kinder Pingui", "variant": null, "pack_size": "260 g", "unit": "g", "pack_count": 9, "price": 2.99, "currency": "EUR", "promo_type": null, "compare_price": "1 kg = 11.50", "uvp": null, "discount_pct": null, "valid_from": "2025-11-10", "valid_to": "2025-11-15", "special_validity": null, "notes": "* Dieser Artikel kann aufgrund begrenzter Vorratsmenge bereits im Laufe des ersten Angebotstages ausverkauft sein"}
{"supermarket": "Lidl", "brand": "Kinder", "product_name": "Joy", "variant": null, "pack_size": "80 g", "unit": "g", "pack_count": null, "price": 4.49, "currency": "EUR", "promo_type": "AKTION", "compare_price": "1 kg = 56.13", "uvp": null, "discount_pct": null, "valid_from": "2025-11-10", "valid_to": "2025-11-15", "special_validity": null, "notes": "Im Aufsteller; * Dieser Artikel kann aufgrund begrenzter Vorratsmenge bereits im Laufe des ersten Angebotstages ausverkauft sein"}
{"supermarket": "Lidl", "brand": "Nutella", "product_name": "Nutella", "variant": null, "pack_size": "825 g", "unit": "g", "pack_count": null, "price": 5.29, "currency": "EUR", "promo_type": null, "compare_price": "1 kg = 6.41", "uvp": null, "discount_pct": null, "valid_from": "2025-11-10", "valid_to": "2025-11-15", "special_validity": null, "notes": "+75g GRATIS; * Dieser Artikel kann aufgrund begrenzter Vorratsmenge bereits im Laufe des ersten Angebotstages ausverkauft sein"}
{"supermarket": "Lidl", "brand": "Tillman's", "product_name": "Toasty", "variant": "Versch. Sorten", "pack_size": "280 g", "unit": "g", "pack_count": null, "price": 2.79, "currency": "EUR", "promo_type": "discount", "compare_price": "1 kg = 9.96", "uvp": 3.99, "discount_pct": 30, "valid_from": "2025-11-10", "valid_to": "2025-11-15", "special_validity": null, "notes": "* Dieser Artikel kann aufgrund begrenzter Vorratsmenge bereits im Laufe des ersten Angebotstages ausverkauft sein"}
{"supermarket": "Lidl", "brand": "Weihenstephan", "product_name": "Haltbare Milch", "variant": "3,5/1,5 % Fett", "pack_size": "1 l", "unit": "l", "pack_count": null, "price": 1.19, "currency": "EUR", "promo_type": "AKTION", "compare_price": null, "uvp": null, "discount_pct": null, "valid_from": "2025-11-10", "valid_to": "2025-11-15", "special_validity": null, "notes": "* Dieser Artikel kann aufgrund begrenzter Vorratsmenge bereits im Laufe des ersten Angebotstages ausverkauft sein"}
{"supermarket": "Lidl", "brand": "Hawesta", "product_name": "MSC Thunfisch-salat", "variant": "Versch. Sorten", "pack_size": "160 g", "unit": "g", "pack_count": null, "price": 1.49, "currency": "EUR", "promo_type": "discount", "compare_price": "1 kg = 9.31", "uvp": 2.99, "discount_pct": 50, "valid_from": "2025-11-10", "valid_to": "2025-11-15", "special_validity": null, "notes": "Im Aufsteller; * Dieser Artikel kann aufgrund begrenzter Vorratsmenge bereits im Laufe des ersten Angebotstages ausverkauft sein"}
{"supermarket": "Lidl", "brand": "Martini", "product_name": "Bianco", "variant": "14,5% vol", "pack_size": "0.75 l", "unit": "l", "pack_count": null, "price": 7.99, "currency": "EUR", "promo_type": "discount", "compare_price": "1 l = 10.65", "uvp": 8.99, "discount_pct": 11, "valid_from": "2025-11-10", "valid_to": "2025-11-15", "special_validity": null, "notes": "* Dieser Artikel kann aufgrund begrenzter Vorratsmenge bereits im Laufe des ersten Angebotstages ausverkauft sein"}
{"supermarket": "Lidl", "brand": "Johnnie Walker", "product_name": "Black Label Blended Scotch Whisky", "variant": "40% vol", "pack_size": "0.7 l", "unit": "l", "pack_count": null, "price": 19.99, "currency": "EUR", "promo_type": "discount", "compare_price": "1 l = 28.56", "uvp": 26.99, "discount_pct": 25, "valid_from": "2025-11-10", "valid_to": "2025-11-15", "special_validity": null, "notes": "* Dieser Artikel kann aufgrund begrenzter Vorratsmenge bereits im Laufe des ersten Angebotstages ausverkauft sein"}
{"supermarket": "Lidl", "brand": "Glade", "product_name": "Duftkerze", "variant": "Versch. Sorten", "pack_size": null, "unit": "Stück", "pack_count": null, "price": 3.29, "currency": "EUR", "promo_type": "discount", "compare_price": null, "uvp": 3.69, "discount_pct": 10, "valid_from": "2025-11-10", "valid_to": "2025-11-15", "special_validity": null, "notes": "Im Aufsteller; * Dieser Artikel kann aufgrund begrenzter Vorratsmenge bereits im Laufe des ersten Angebotstages ausverkauft sein"}
{"supermarket": "Lidl", "brand": "Energizer", "product_name": "Spezialbatterie Lithium CR 2032", "variant": null, "pack_size": null, "unit": "Stück", "pack_count": 6, "price": 5.99, "currency": "EUR", "promo_type": "discount", "compare_price": null, "uvp": 12.29, "discount_pct": 51, "valid_from": "2025-11-10", "valid_to": "2025-11-15", "special_validity": null, "notes": "* Dieser Artikel kann aufgrund begrenzter Vorratsmenge bereits im Laufe des ersten Angebotstages ausverkauft sein"}
{"supermarket": "Lidl", "brand": "Conditorei Coppenrath & Wiese", "product_name": "Meistertorte", "variant": "Versch. Sorten", "pack_size": "800 g/1.1 kg", "unit": "g", "pack_count": null, "price": 5.99, "currency": "EUR", "promo_type": "discount", "compare_price": "1 kg = 5.45/7.49", "uvp": 8.49, "discount_pct": 29, "valid_from": "2025-11-10", "valid_to": "2025-11-15", "special_validity": null, "notes": "* Dieser Artikel kann aufgrund begrenzter Vorratsmenge bereits im Laufe des ersten Angebotstages ausverkauft sein"}
{"supermarket": "Lidl", "brand": "Ehrmann", "product_name": "High Protein Pudding", "variant": "Versch. Sorten", "pack_size": "200 g", "unit": "g", "pack_count": null, "price": 0.99, "currency": "EUR", "promo_type": "discount", "compare_price": "1 kg = 4.95", "uvp": 1.49, "discount_pct": 33, "valid_from": "2025-11-10", "valid_to": "2025-11-15", "special_validity": null, "notes": "* Dieser Artikel kann aufgrund begrenzter Vorratsmenge bereits im Laufe des ersten Angebotstages ausverkauft sein"}
{"supermarket": "Lidl", "brand": "Milram", "product_name": "Frühlingsquark", "variant": null, "pack_size": "379 g", "unit": "g", "pack_count": null, "price": 1.99, "currency": "EUR", "promo_type": null, "compare_price": "1 kg = 5.25", "uvp": null, "discount_pct": null, "valid_from": "2025-11-10", "valid_to": "2025-11-15", "special_validity": null, "notes": "* Dieser Artikel kann aufgrund begrenzter Vorratsmenge bereits im Laufe des ersten Angebotstages ausverkauft sein"}
{"supermarket": "Lidl", "brand": null, "product_name": "Heisse Tasse", "variant": "Versch. Sorten", "pack_size": "76.3/70.2/105.1 g", "unit": "g", "pack_count": null, "price": 1.11, "currency": "EUR", "promo_type": "discount", "compare_price": "1 kg = 14.55/15.81/10.56", "uvp": 1.49, "discount_pct": 25, "valid_from": "2025-11-10", "valid_to": "2025-11-15", "special_validity": null, "notes": "Jetzt mit 3+1 Beutel; * Dieser Artikel kann aufgrund begrenzter Vorratsmenge bereits im Laufe des ersten Angebotstages ausverkauft sein"}
{"supermarket": "Lidl", "brand": "Oro di Parma", "product_name": "Tomaten stückig/Tomaten passiert", "variant": "Stückig in versch. Sorten", "pack_size": "425 ml", "unit": "ml", "pack_count": null, "price": 1.29, "currency": "EUR", "promo_type": "discount", "compare_price": "1 l = 3.04", "uvp": 1.99, "discount_pct": 35, "valid_from": "2025-11-10", "valid_to": "2025-11-15", "special_validity": null, "notes": "* Dieser Artikel kann aufgrund begrenzter Vorratsmenge bereits im Laufe des ersten Angebotstages ausverkauft sein"}
{"supermarket": "Lidl", "brand": "Lorenz", "product_name": "Nic Nac's XL", "variant": null, "pack_size": "170 g", "unit": "g", "pack_count": null, "price": 1.99, "currency": "EUR", "promo_type": "discount", "compare_price": "1 kg = 11.71", "uvp": 2.99, "discount_pct": 33, "valid_from": "2025-11-10", "valid_to": "2025-11-15", "special_validity": null, "notes": "FUN XXL PACK; * Dieser Artikel kann aufgrund begrenzter Vorratsmenge bereits im Laufe des ersten Angebotstages ausverkauft sein"}
{"supermarket": "Lidl", "brand": "mymuesli", "product_name": "2Go-Becher", "variant": "Versch. Sorten", "pack_size": "85 g", "unit": "g", "pack_count": null, "price": 1.29, "currency": "EUR", "promo_type": "discount", "compare_price": "1 kg = 15.18", "uvp": 1.99, "discount_pct": 35, "valid_from": "2025-11-10", "valid_to": "2025-11-15", "special_validity": null, "notes": "* Dieser Artikel kann aufgrund begrenzter Vorratsmenge bereits im Laufe des ersten Angebotstages ausverkauft sein"}
{"supermarket": "Lidl", "brand": "Original Sahne Muh-Muhs", "product_name": "Toffee & Vodka Likör", "variant": "17% vol", "pack_size": "0.7 l", "unit": "l", "pack_count": null, "price": 9.99, "currency": "EUR", "promo_type": "-1€", "compare_price": "1 l = 14.27", "uvp": 10.99, "discount_pct": null, "valid_from": "2025-11-10", "valid_to": "2025-11-15", "special_validity": null, "notes": "* Dieser Artikel kann aufgrund begrenzter Vorratsmenge bereits im Laufe des ersten Angebotstages ausverkauft sein"}
{"supermarket": "Lidl", "brand": "Teacher's", "product_name": "Highland Cream Blended Scotch Whisky", "variant": "40% vol", "pack_size": "0.7 l", "unit": "l", "pack_count": null, "price": 9.99, "currency": "EUR", "promo_type": "discount", "compare_price": "1 l = 14.27", "uvp": 11.99, "discount_pct": 16, "valid_from": "2025-11-10", "valid_to": "2025-11-15", "special_validity": null, "notes": "Auch online; * Dieser Artikel kann aufgrund begrenzter Vorratsmenge bereits im Laufe des ersten Angebotstages ausverkauft sein"}
```

-----

# 
```jsonl
{"supermarket": "Lidl", "brand": "Deluxe", "product_name": "Ziegenfrischkäse", "variant": "Im Speckmantel", "pack_size": "150", "unit": "g", "pack_count": null, "price": 3.99, "currency": "EUR", "promo_type": null, "compare_price": "1 kg = 26.60", "uvp": null, "discount_pct": null, "valid_from": "2025-11-10", "valid_to": "2025-11-15", "special_validity": null, "notes": "Dieser Artikel kann aufgrund begrenzter Vorratsmenge bereits im Laufe des ersten Angebotstages ausverkauft sein"}
{"supermarket": "Lidl", "brand": "Deluxe", "product_name": "Ofen Raclette", "variant": null, "pack_size": "280", "unit": "g", "pack_count": null, "price": 4.49, "currency": "EUR", "promo_type": null, "compare_price": "1 kg = 16.04", "uvp": null, "discount_pct": null, "valid_from": "2025-11-10", "valid_to": "2025-11-15", "special_validity": null, "notes": "Dieser Artikel kann aufgrund begrenzter Vorratsmenge bereits im Laufe des ersten Angebotstages ausverkauft sein"}
{"supermarket": "Lidl", "brand": "Deluxe", "product_name": "Fruchtaufstrich", "variant": "Versch. Sorten", "pack_size": "245", "unit": "g", "pack_count": null, "price": 1.99, "currency": "EUR", "promo_type": null, "compare_price": "1 kg = 8.12", "uvp": null, "discount_pct": null, "valid_from": "2025-11-10", "valid_to": "2025-11-15", "special_validity": null, "notes": "85% Fruchtanteil. Dieser Artikel kann aufgrund begrenzter Vorratsmenge bereits im Laufe des ersten Angebotstages ausverkauft sein"}
{"supermarket": "Lidl", "brand": "Deluxe", "product_name": "Camembert Creme", "variant": "Versch. Sorten", "pack_size": "150", "unit": "g", "pack_count": null, "price": 2.29, "currency": "EUR", "promo_type": null, "compare_price": "1 kg = 15.27", "uvp": null, "discount_pct": null, "valid_from": "2025-11-10", "valid_to": "2025-11-15", "special_validity": null, "notes": "Dieser Artikel kann aufgrund begrenzter Vorratsmenge bereits im Laufe des ersten Angebotstages ausverkauft sein"}
{"supermarket": "Lidl", "brand": "Deluxe", "product_name": "Crunchy Cheddar", "variant": "Versch. Sorten", "pack_size": "200", "unit": "g", "pack_count": null, "price": 2.69, "currency": "EUR", "promo_type": null, "compare_price": "1 kg = 13.45", "uvp": null, "discount_pct": null, "valid_from": "2025-11-10", "valid_to": "2025-11-15", "special_validity": null, "notes": "Dieser Artikel kann aufgrund begrenzter Vorratsmenge bereits im Laufe des ersten Angebotstages ausverkauft sein"}
{"supermarket": "Lidl", "brand": "Deluxe", "product_name": "Akazienhonig", "variant": "mit Wabenscheibe", "pack_size": "500", "unit": "g", "pack_count": null, "price": 6.99, "currency": "EUR", "promo_type": null, "compare_price": "1 kg = 13.98", "uvp": null, "discount_pct": null, "valid_from": "2025-11-10", "valid_to": "2025-11-15", "special_validity": null, "notes": "Dieser Artikel kann aufgrund begrenzter Vorratsmenge bereits im Laufe des ersten Angebotstages ausverkauft sein"}
{"supermarket": "Lidl", "brand": "Deluxe", "product_name": "Käsespezialitäten", "variant": "Versch. Sorten", "pack_size": "200/180", "unit": "g", "pack_count": null, "price": 3.99, "currency": "EUR", "promo_type": null, "compare_price": "1 kg = 19.95/22.17", "uvp": null, "discount_pct": null, "valid_from": "2025-11-10", "valid_to": "2025-11-15", "special_validity": null, "notes": "Dieser Artikel kann aufgrund begrenzter Vorratsmenge bereits im Laufe des ersten Angebotstages ausverkauft sein"}
{"supermarket": "Lidl", "brand": "Deluxe", "product_name": "Original Französische Käseplatte", "variant": null, "pack_size": "300", "unit": "g", "pack_count": null, "price": 6.99, "currency": "EUR", "promo_type": null, "compare_price": "1 kg = 23.30", "uvp": null, "discount_pct": null, "valid_from": "2025-11-10", "valid_to": "2025-11-15", "special_validity": null, "notes": "Dieser Artikel kann aufgrund begrenzter Vorratsmenge bereits im Laufe des ersten Angebotstages ausverkauft sein"}
{"supermarket": "Lidl", "brand": "Deluxe", "product_name": "Crémeux de Normandie", "variant": "Cremiger Weichkäse, 55% Fett i. Tr., Löffel-geschöpft", "pack_size": "150", "unit": "g", "pack_count": null, "price": 2.59, "currency": "EUR", "promo_type": null, "compare_price": "1 kg = 17.27", "uvp": null, "discount_pct": null, "valid_from": "2025-11-10", "valid_to": "2025-11-15", "special_validity": null, "notes": "Dieser Artikel kann aufgrund begrenzter Vorratsmenge bereits im Laufe des ersten Angebotstages ausverkauft sein"}
{"supermarket": "Lidl", "brand": "Favorina", "product_name": "Marzipan Butterstollen Konfekt", "variant": "Versch. Sorten", "pack_size": "300", "unit": "g", "pack_count": null, "price": 2.69, "currency": "EUR", "promo_type": "discount", "compare_price": "1 kg = 8.97", "uvp": 3.19, "discount_pct": 15, "valid_from": "2025-11-10", "valid_to": "2025-11-15", "special_validity": null, "notes": "Zeitlich begrenzter Probierpreis gültig von Montag 10.11. bis Samstag 15.11. für alle Artikel auf dieser Doppelseite"}
{"supermarket": "Lidl", "brand": "Favorina", "product_name": "Weihnachtsgebäck", "variant": "Versch. Sorten", "pack_size": "600", "unit": "g", "pack_count": null, "price": 2.99, "currency": "EUR", "promo_type": "discount", "compare_price": "1 kg = 4.98", "uvp": 3.99, "discount_pct": 25, "valid_from": "2025-11-10", "valid_to": "2025-11-15", "special_validity": null, "notes": "Zeitlich begrenzter Probierpreis gültig von Montag 10.11. bis Samstag 15.11. für alle Artikel auf dieser Doppelseite"}
{"supermarket": "Lidl", "brand": "Favorina", "product_name": "Edel-Marzipan Baumstamm", "variant": null, "pack_size": "100", "unit": "g", "pack_count": null, "price": 0.99, "currency": "EUR", "promo_type": "discount", "compare_price": "1 kg = 9.90", "uvp": 1.29, "discount_pct": 23, "valid_from": "2025-11-10", "valid_to": "2025-11-15", "special_validity": null, "notes": "Zeitlich begrenzter Probierpreis gültig von Montag 10.11. bis Samstag 15.11. für alle Artikel auf dieser Doppelseite"}
{"supermarket": "Lidl", "brand": "Favorina", "product_name": "Marzipan Brot", "variant": null, "pack_size": "175", "unit": "g", "pack_count": null, "price": 1.49, "currency": "EUR", "promo_type": "discount", "compare_price": "1 kg = 8.51", "uvp": 1.99, "discount_pct": 25, "valid_from": "2025-11-10", "valid_to": "2025-11-15", "special_validity": null, "notes": "Zeitlich begrenzter Probierpreis gültig von Montag 10.11. bis Samstag 15.11. für alle Artikel auf dieser Doppelseite"}
{"supermarket": "Lidl", "brand": "Favorina", "product_name": "Mini-Nussecken", "variant": null, "pack_size": "200", "unit": "g", "pack_count": null, "price": 2.19, "currency": "EUR", "promo_type": "discount", "compare_price": "1 kg = 10.95", "uvp": 2.69, "discount_pct": 18, "valid_from": "2025-11-10", "valid_to": "2025-11-15", "special_validity": null, "notes": "Zeitlich begrenzter Probierpreis gültig von Montag 10.11. bis Samstag 15.11. für alle Artikel auf dieser Doppelseite"}
{"supermarket": "Lidl", "brand": "Favorina", "product_name": "Zimtsterne", "variant": null, "pack_size": "175", "unit": "g", "pack_count": null, "price": 2.29, "currency": "EUR", "promo_type": "discount", "compare_price": "1 kg = 13.09", "uvp": 2.99, "discount_pct": 23, "valid_from": "2025-11-10", "valid_to": "2025-11-15", "special_validity": null, "notes": "Zeitlich begrenzter Probierpreis gültig von Montag 10.11. bis Samstag 15.11. für alle Artikel auf dieser Doppelseite"}
{"supermarket": "Lidl", "brand": "Favorina", "product_name": "Mini-Figuren", "variant": "Vollmilch, Versch. Figuren", "pack_size": "125", "unit": "g", "pack_count": null, "price": 2.19, "currency": "EUR", "promo_type": "discount", "compare_price": "1 kg = 17.52", "uvp": 2.99, "discount_pct": 26, "valid_from": "2025-11-10", "valid_to": "2025-11-15", "special_validity": null, "notes": "Zeitlich begrenzter Probierpreis gültig von Montag 10.11. bis Samstag 15.11. für alle Artikel auf dieser Doppelseite"}
{"supermarket": "Lidl", "brand": "Favorina", "product_name": "Blätterkrokant", "variant": null, "pack_size": "150", "unit": "g", "pack_count": null, "price": 1.69, "currency": "EUR", "promo_type": "discount", "compare_price": "1 kg = 11.27", "uvp": 2.19, "discount_pct": 22, "valid_from": "2025-11-10", "valid_to": "2025-11-15", "special_validity": null, "notes": "Zeitlich begrenzter Probierpreis gültig von Montag 10.11. bis Samstag 15.11. für alle Artikel auf dieser Doppelseite"}
{"supermarket": "Lidl", "brand": "Favorina", "product_name": "Feine Nürnberger Oblatenlebkuchen", "variant": "Versch. Sorten", "pack_size": "300", "unit": "g", "pack_count": null, "price": 2.49, "currency": "EUR", "promo_type": "discount", "compare_price": "1 kg = 8.30", "uvp": 3.49, "discount_pct": 28, "valid_from": "2025-11-10", "valid_to": "2025-11-15", "special_validity": null, "notes": "Zeitlich begrenzter Probierpreis gültig von Montag 10.11. bis Samstag 15.11. für alle Artikel auf dieser Doppelseite"}
{"supermarket": "Lidl", "brand": "Favorina", "product_name": "Edelmarzipan-Stollen", "variant": null, "pack_size": "1", "unit": "kg", "pack_count": null, "price": 3.99, "currency": "EUR", "promo_type": "discount", "compare_price": null, "uvp": 4.99, "discount_pct": 20, "valid_from": "2025-11-10", "valid_to": "2025-11-15", "special_validity": null, "notes": "Zeitlich begrenzter Probierpreis gültig von Montag 10.11. bis Samstag 15.11. für alle Artikel auf dieser Doppelseite"}
{"supermarket": "Lidl", "brand": "Favorina", "product_name": "Marzipan-kartoffeln", "variant": "Vegan", "pack_size": "125", "unit": "g", "pack_count": null, "price": 0.99, "currency": "EUR", "promo_type": "discount", "compare_price": "1 kg = 7.92", "uvp": 1.49, "discount_pct": 33, "valid_from": "2025-11-10", "valid_to": "2025-11-15", "special_validity": null, "notes": "Zeitlich begrenzter Probierpreis gültig von Montag 10.11. bis Samstag 15.11. für alle Artikel auf dieser Doppelseite"}
{"supermarket": "Lidl", "brand": "Favorina", "product_name": "Gebäck", "variant": "Versch. Sorten", "pack_size": "150", "unit": "g", "pack_count": null, "price": 1.69, "currency": "EUR", "promo_type": "discount", "compare_price": "1 kg = 11.27", "uvp": 2.49, "discount_pct": 32, "valid_from": "2025-11-10", "valid_to": "2025-11-15", "special_validity": null, "notes": "Zeitlich begrenzter Probierpreis gültig von Montag 10.11. bis Samstag 15.11. für alle Artikel auf dieser Doppelseite"}
{"supermarket": "Lidl", "brand": null, "product_name": "Heidelbeeren", "variant": "Ursprung: Peru, Klasse I", "pack_size": "400", "unit": "g", "pack_count": null, "price": 2.99, "currency": "EUR", "promo_type": null, "compare_price": "1 kg = 7.48", "uvp": null, "discount_pct": null, "valid_from": "2025-11-10", "valid_to": "2025-11-15", "special_validity": null, "notes": "Dieser Artikel kann aufgrund begrenzter Vorratsmenge bereits im Laufe des ersten Angebotstages ausverkauft sein"}
{"supermarket": "Lidl", "brand": null, "product_name": "Mandarinen/Clementinen", "variant": "Ursprung: Spanien/Marokko/Griechenland, Klasse I", "pack_size": "1", "unit": "kg", "pack_count": null, "price": 1.49, "currency": "EUR", "promo_type": "discount", "compare_price": null, "uvp": 2.49, "discount_pct": 40, "valid_from": "2025-11-10", "valid_to": "2025-11-15", "special_validity": null, "notes": "Dieser Artikel kann aufgrund begrenzter Vorratsmenge bereits im Laufe des ersten Angebotstages ausverkauft sein"}
{"supermarket": "Lidl", "brand": null, "product_name": "Mango", "variant": "Ursprung: Brasilien, Klasse I", "pack_size": null, "unit": "Stück", "pack_count": 1, "price": 1.29, "currency": "EUR", "promo_type": "Aktion", "compare_price": null, "uvp": null, "discount_pct": null, "valid_from": "2025-11-10", "valid_to": "2025-11-15", "special_validity": null, "notes": "Dieser Artikel kann aufgrund begrenzter Vorratsmenge bereits im Laufe des ersten Angebotstages ausverkauft sein"}
{"supermarket": "Lidl", "brand": null, "product_name": "Kaki/Sharon", "variant": "Ursprung: Spanien/Portugal, Klasse I", "pack_size": null, "unit": "Stück", "pack_count": 1, "price": 0.39, "currency": "EUR", "promo_type": "Aktion", "compare_price": null, "uvp": null, "discount_pct": null, "valid_from": "2025-11-10", "valid_to": "2025-11-15", "special_validity": null, "notes": "Dieser Artikel kann aufgrund begrenzter Vorratsmenge bereits im Laufe des ersten Angebotstages ausverkauft sein"}
{"supermarket": "Lidl", "brand": null, "product_name": "Christrose", "variant": "Für drinnen/draußen", "pack_size": null, "unit": "Stück", "pack_count": 1, "price": 3.49, "currency": "EUR", "promo_type": null, "compare_price": null, "uvp": null, "discount_pct": null, "valid_from": "2025-11-10", "valid_to": "2025-11-15", "special_validity": null, "notes": "Ideal zum Verschenken. Höhe (inkl. Topf): ca. 25 cm. Ø = 12 cm. Dieser Artikel kann aufgrund begrenzter Vorratsmenge bereits im Laufe des ersten Angebotstages ausverkauft sein"}
{"supermarket": "Lidl", "brand": null, "product_name": "Weihnachtsstern", "variant": "Für drinnen", "pack_size": null, "unit": "Stück", "pack_count": 1, "price": 2.29, "currency": "EUR", "promo_type": null, "compare_price": null, "uvp": null, "discount_pct": null, "valid_from": "2025-11-13", "valid_to": "2025-11-15", "special_validity": "Ab Donnerstag 13.11", "notes": "Mind. 4 Brakteen. Höhe (inkl. Topf): ca. 32-40 cm. Ø = 12 cm. Dieser Artikel kann aufgrund begrenzter Vorratsmenge bereits im Laufe des ersten Angebotstages ausverkauft sein"}
{"supermarket": "Lidl", "brand": null, "product_name": "Orangen", "variant": "Ursprung: Spanien, Klasse I", "pack_size": "1.5", "unit": "kg", "pack_count": null, "price": 1.85, "currency": "EUR", "promo_type": null, "compare_price": "1 kg = 1.23", "uvp": null, "discount_pct": null, "valid_from": "2025-11-10", "valid_to": "2025-11-15", "special_validity": null, "notes": "Dieser Artikel kann aufgrund begrenzter Vorratsmenge bereits im Laufe des ersten Angebotstages ausverkauft sein"}
{"supermarket": "Lidl", "brand": null, "product_name": "Paprika-Mix", "variant": "Ursprung: Spanien, Klasse I", "pack_size": "500", "unit": "g", "pack_count": null, "price": 0.99, "currency": "EUR", "promo_type": null, "compare_price": "1 kg = 1.98", "uvp": null, "discount_pct": null, "valid_from": "2025-11-10", "valid_to": "2025-11-15", "special_validity": null, "notes": "Dieser Artikel kann aufgrund begrenzter Vorratsmenge bereits im Laufe des ersten Angebotstages ausverkauft sein"}
{"supermarket": "Lidl", "brand": null, "product_name": "Amaryllis im Wachsfuß", "variant": "Für drinnen, Versch. Blüten- und Wachsfarben", "pack_size": null, "unit": "Stück", "pack_count": 1, "price": 4.99, "currency": "EUR", "promo_type": null, "compare_price": null, "uvp": null, "discount_pct": null, "valid_from": "2025-11-10", "valid_to": "2025-11-15", "special_validity": null, "notes": "Höhe: ca. 12 cm. Dieser Artikel kann aufgrund begrenzter Vorratsmenge bereits im Laufe des ersten Angebotstages ausverkauft sein"}
{"supermarket": "Lidl", "brand": null, "product_name": "Multicolor Salat", "variant": "Ursprung: Deutschland/Niederlande/Belgien, Klasse I, Mit Wurzeln", "pack_size": null, "unit": "Stück", "pack_count": 1, "price": 1.11, "currency": "EUR", "promo_type": "Aktion", "compare_price": null, "uvp": null, "discount_pct": null, "valid_from": "2025-11-10", "valid_to": "2025-11-15", "special_validity": null, "notes": "Dieser Artikel kann aufgrund begrenzter Vorratsmenge bereits im Laufe des ersten Angebotstages ausverkauft sein"}
{"supermarket": "Lidl", "brand": null, "product_name": "Zucchini", "variant": "lose, Ursprung: Spanien/Marokko, Klasse I", "pack_size": null, "unit": "kg", "pack_count": null, "price": 1.29, "currency": "EUR", "promo_type": "kg-Preis", "compare_price": null, "uvp": null, "discount_pct": null, "valid_from": "2025-11-10", "valid_to": "2025-11-15", "special_validity": null, "notes": "Dieser Artikel kann aufgrund begrenzter Vorratsmenge bereits im Laufe des ersten Angebotstages ausverkauft sein"}
{"supermarket": "Lidl", "brand": null, "product_name": "Zuckerhut-fichte", "variant": "Winterhart, Für drinnen/draußen", "pack_size": null, "unit": "Stück", "pack_count": 1, "price": 8.99, "currency": "EUR", "promo_type": "Lidl Plus discount", "compare_price": null, "uvp": 9.99, "discount_pct": 10, "valid_from": "2025-11-10", "valid_to": "2025-11-15", "special_validity": null, "notes": "Höhe (inkl. Topf): ca. 75 cm. d) Angebot ausschließlich für Nutzer der Lidl Plus App. Es gelten die Angebots-/Couponbedingungen in der Lidl Plus App. Mehr Infos unter lidlplus.de. Dieser Artikel kann aufgrund begrenzter Vorratsmenge bereits im Laufe des ersten Angebotstages ausverkauft sein"}
{"supermarket": "Lidl", "brand": "KitchenAid", "product_name": "Wok", "variant": null, "pack_size": null, "unit": "Stück", "pack_count": 1, "price": 24.99, "currency": "EUR", "promo_type": "discount", "compare_price": null, "uvp": 44.90, "discount_pct": 44, "valid_from": "2025-11-10", "valid_to": "2025-11-15", "special_validity": null, "notes": "Nur online. Ø28 cm. Geeignet für: alle Herdarten einschl. Induktion. Geschmiedetes Aluminiumgehäuse: dicker Boden für schnelle Aufheizung und Formbeständigkeit. Keramische Antihaftbeschichtung. Backofenfest bis zu 180°C. PFAS-frei."}
{"supermarket": "Lidl", "brand": "KitchenAid", "product_name": "Bratpfanne", "variant": "Ø24 cm", "pack_size": null, "unit": "Stück", "pack_count": 1, "price": 19.99, "currency": "EUR", "promo_type": "discount", "compare_price": null, "uvp": 34.90, "discount_pct": 42, "valid_from": "2025-11-10", "valid_to": "2025-11-15", "special_validity": null, "notes": "Nur online. Geeignet für: alle Herdarten einschl. Induktion. Geschmiedetes Aluminiumgehäuse: dicker Boden für schnelle Aufheizung und Formbeständigkeit. Keramische Antihaftbeschichtung. Backofenfest bis zu 180°C. PFAS-frei."}
{"supermarket": "Lidl", "brand": "KitchenAid", "product_name": "Bratpfanne", "variant": "Ø28 cm", "pack_size": null, "unit": "Stück", "pack_count": 1, "price": 24.99, "currency": "EUR", "promo_type": "discount", "compare_price": null, "uvp": 39.90, "discount_pct": 37, "valid_from": "2025-11-10", "valid_to": "2025-11-15", "special_validity": null, "notes": "Nur online. Geeignet für: alle Herdarten einschl. Induktion. Geschmiedetes Aluminiumgehäuse: dicker Boden für schnelle Aufheizung und Formbeständigkeit. Keramische Antihaftbeschichtung. Backofenfest bis zu 180°C. PFAS-frei."}
{"supermarket": "Lidl", "brand": "KitchenAid", "product_name": "Kochtopf mit Deckel", "variant": "Ø20 cm", "pack_size": null, "unit": "Stück", "pack_count": 1, "price": 24.99, "currency": "EUR", "promo_type": "discount", "compare_price": null, "uvp": 44.90, "discount_pct": 44, "valid_from": "2025-11-10", "valid_to": "2025-11-15", "special_validity": null, "notes": "Nur online. Geeignet für: alle Herdarten einschl. Induktion. Geschmiedetes Aluminiumgehäuse: dicker Boden für schnelle Aufheizung und Formbeständigkeit. Keramische Antihaftbeschichtung. Backofenfest bis zu 180°C. PFAS-frei."}
{"supermarket": "Lidl", "brand": "KitchenAid", "product_name": "Kochtopf mit Deckel", "variant": "Ø24 cm", "pack_size": null, "unit": "Stück", "pack_count": 1, "price": 29.99, "currency": "EUR", "promo_type": "discount", "compare_price": null, "uvp": 54.90, "discount_pct": 45, "valid_from": "2025-11-10", "valid_to": "2025-11-15", "special_validity": null, "notes": "Nur online. Geeignet für: alle Herdarten einschl. Induktion. Geschmiedetes Aluminiumgehäuse: dicker Boden für schnelle Aufheizung und Formbeständigkeit. Keramische Antihaftbeschichtung. Backofenfest bis zu 180°C. PFAS-frei."}
{"supermarket": "Lidl", "brand": "KitchenAid", "product_name": "Schmorpfanne", "variant": "Ø24 cm", "pack_size": null, "unit": "Stück", "pack_count": 1, "price": 29.99, "currency": "EUR", "promo_type": "discount", "compare_price": null, "uvp": 49.90, "discount_pct": 39, "valid_from": "2025-11-10", "valid_to": "2025-11-15", "special_validity": null, "notes": "Nur online. Geeignet für: alle Herdarten einschl. Induktion. Geschmiedetes Aluminiumgehäuse: dicker Boden für schnelle Aufheizung und Formbeständigkeit. Keramische Antihaftbeschichtung. Backofenfest bis zu 180°C. PFAS-frei."}
{"supermarket": "Lidl", "brand": "Philips", "product_name": "Küchenmaschine", "variant": "Typ „HR7310/00“, 700 W", "pack_size": null, "unit": "Stück", "pack_count": 1, "price": 49.99, "currency": "EUR", "promo_type": "discount", "compare_price": null, "uvp": 119.99, "discount_pct": 58, "valid_from": "2025-11-10", "valid_to": "2025-11-15", "special_validity": null, "notes": "Nur online. Doppel-seitige 2-in-1-Scheibe aus Edelstahl: Zerkleinern und Schneiden. Mit 16 Funktionen. Fassungsvermögen Behälter: ca. 1,5 l. Spülmaschinengeeignet (außer Motoreinheit). Inkl. umfangreichem Zubehör."}
{"supermarket": "Lidl", "brand": "Silvercrest Kitchen Tools", "product_name": "Heißluftfritteuse", "variant": "Typ „SHF 1500 C1“, 1500 W, 4 l", "pack_size": "4", "unit": "l", "pack_count": null, "price": 29.99, "currency": "EUR", "promo_type": "discount", "compare_price": null, "uvp": 39.99, "discount_pct": 25, "valid_from": "2025-11-10", "valid_to": "2025-11-15", "special_validity": null, "notes": "Nur online. Mit 30-Min. Timer und Temperatureinstellung über Drehregler."}
{"supermarket": "Lidl", "brand": "Silvercrest Kitchen Tools", "product_name": "Fleischwolf", "variant": "Typ „SFW 800 A1“, 800 W", "pack_size": null, "unit": "Stück", "pack_count": 1, "price": 49.99, "currency": "EUR", "promo_type": "discount", "compare_price": null, "uvp": 69.99, "discount_pct": 28, "valid_from": "2025-11-10", "valid_to": "2025-11-15", "special_validity": null, "notes": "Nur online. Vielseitig einsetzbar - ideal zum Zerkleinern von z. B. Fleisch, Fisch und Gemüse sowie zur Herstellung von Wurst und Kebbe."}
{"supermarket": "Lidl", "brand": "Silvercrest", "product_name": "Dipschalen-Set", "variant": null, "pack_size": null, "unit": "Set", "pack_count": 4, "price": 4.99, "currency": "EUR", "promo_type": null, "compare_price": null, "uvp": null, "discount_pct": null, "valid_from": "2025-11-10", "valid_to": "2025-11-15", "special_validity": null, "notes": "Nur online. 3 Porzellan-Dipschalen mit Serviertablett aus FSC®-zertifiziertem Bambus."}
{"supermarket": "Lidl", "brand": "Livarno Home", "product_name": "Geschirrset", "variant": null, "pack_size": null, "unit": "Set", "pack_count": 18, "price": 24.99, "currency": "EUR", "promo_type": null, "compare_price": null, "uvp": null, "discount_pct": null, "valid_from": "2025-11-10", "valid_to": "2025-11-15", "special_validity": null, "notes": "Nur online. Aus Steinzeug. Spülmaschinen- und mikrowellengeeignet. Weitere Farbe: Grau."}
{"supermarket": "Lidl", "brand": "Juskys", "product_name": "Bürostuhl", "variant": "Modell „Montreal“", "pack_size": null, "unit": "Stück", "pack_count": 1, "price": 64.99, "currency": "EUR", "promo_type": "discount", "compare_price": null, "uvp": 119.99, "discount_pct": 45, "valid_from": "2025-11-10", "valid_to": "2025-11-15", "special_validity": null, "notes": "Nur online. Weiche Polsterung mit Kunstleder-Bezug. Kippbare Rückenlehne. Weitere Varianten erhältlich. Ratenzahlung: 12.21 EUR pro Monat, Laufzeit 6 Monate, Gesamtpreis 73.23 (B)."}
{"supermarket": "Lidl", "brand": "Inter Link", "product_name": "Schreibtisch", "variant": "Modell „Emmelie“", "pack_size": null, "unit": "Stück", "pack_count": 1, "price": 89.99, "currency": "EUR", "promo_type": "discount", "compare_price": null, "uvp": 179.99, "discount_pct": 50, "valid_from": "2025-11-10", "valid_to": "2025-11-15", "special_validity": null, "notes": "Nur online. 5-fach höhenverstellbare Arbeitsfläche, ca. L 80 x B 60 x H 54 - 85 cm. Zzgl. Lieferkostenzuschlag 12.95. Weitere Farbe: Grau/Weiß. Ratenzahlung: 18.73 EUR pro Monat, Laufzeit 6 Monate, Gesamtpreis 112.41 (B)."}
{"supermarket": "Lidl", "brand": null, "product_name": "Smart TV Full HD", "variant": "Typ „LV3E63DAZ“, LED, Triple-Tuner, HDR 10 + HLG, Anschlüsse: 2x HDMI, 1x USB, 1x Ethernet, CI+, Kopfhörerausgang, WLAN & Ethernet", "pack_size": null, "unit": "Stück", "pack_count": 1, "price": 209.00, "currency": "EUR", "promo_type": "discount", "compare_price": null, "uvp": 399.99, "discount_pct": 47, "valid_from": "2025-11-10", "valid_to": "2025-11-15", "special_validity": null, "notes": "Nur online. Maße mit Standfuß: B 965 x H 608 x T 257 mm. Zzgl. Lieferkostenzuschlag 24.95. Ratenzahlung: 14.52 EUR pro Monat, Laufzeit 18 Monate, Gesamtpreis 261.31 (B)."}
{"supermarket": "Lidl", "brand": null, "product_name": "Soundtower", "variant": "Modell „SSTB 30 A1“, 30 W", "pack_size": null, "unit": "Stück", "pack_count": 1, "price": 59.99, "currency": "EUR", "promo_type": "discount", "compare_price": null, "uvp": 69.99, "discount_pct": 14, "valid_from": "2025-11-10", "valid_to": "2025-11-15", "special_validity": null, "notes": "Nur online. Getrennte Bass- und Höhenregelung. Kabelloses Musikstreaming via Bluetooth®. Zusätzlicher AUX-Eingang für kabelgebundene Musikübertragung. Maße (B x H x T): Ø 15 x 98 x Ø 21 cm."}
{"supermarket": "Lidl", "brand": "Auriol", "product_name": "Design-Funkwetterstation", "variant": null, "pack_size": null, "unit": "Stück", "pack_count": 1, "price": 12.99, "currency": "EUR", "promo_type": "discount", "compare_price": null, "uvp": 16.99, "discount_pct": 23, "valid_from": "2025-11-10", "valid_to": "2025-11-15", "special_validity": null, "notes": "Nur online. Wetterprognose durch Symbole. Außensensor mit 100 m Reichweite (im freien Gelände). Spritzwassergeschützter Außensensor für den Innen- und Außenbereich IPX4. Weitere Farbe: Weiß."}
{"supermarket": "Lidl", "brand": null, "product_name": "Steckdosenwürfel", "variant": "mit USB-Anschlüssen", "pack_size": null, "unit": "Stück", "pack_count": 1, "price": 12.99, "currency": "EUR", "promo_type": "discount", "compare_price": null, "uvp": 17.99, "discount_pct": 27, "valid_from": "2025-11-10", "valid_to": "2025-11-15", "special_validity": null, "notes": "Nur online. Mit Standfuß-Adapter und doppelseitigem Klebeband zur Befestigung auf oder unter dem Tisch. 4 Steckdosen mit Shutter (mechanischer Steckdosenverschluss). 3 USB-Anschlüsse zum Aufladen von mobilen Geräten (2x USB-A und 1x USB-C). Kabellänge: 1,5 m."}
```

-----

# 
```jsonl
{"supermarket": "Lidl", "brand": "Deluxe", "product_name": "Cappelletti", "variant": "Versch. Sorten.", "pack_size": "250 g", "unit": null, "pack_count": null, "price": 1.69, "currency": "EUR", "promo_type": "-15%", "compare_price": "1 kg = 6.76", "uvp": "1.99", "discount_pct": 15, "valid_from": "2025-11-10", "valid_to": "2025-11-15", "special_validity": null, "notes": "Zeitlich begrenzter Probierpreis gültig von Montag 10.11. bis Samstag 15.11. für alle Deluxe-Artikel auf dieser Seite"}
{"supermarket": "Lidl", "brand": "Deluxe", "product_name": "Jamón Serrano Gran Reserva", "variant": "Original spanischer Rohschinken, luftgetrocknet", "pack_size": "70 g", "unit": null, "pack_count": null, "price": 1.69, "currency": "EUR", "promo_type": "-15%", "compare_price": "1 kg = 24.14", "uvp": "1.99", "discount_pct": 15, "valid_from": "2025-11-10", "valid_to": "2025-11-15", "special_validity": null, "notes": "Zeitlich begrenzter Probierpreis gültig von Montag 10.11. bis Samstag 15.11. für alle Deluxe-Artikel auf dieser Seite"}
{"supermarket": "Lidl", "brand": "Deluxe", "product_name": "Dessertgläser", "variant": "Versch. Sorten.", "pack_size": "2x 60 g", "unit": null, "pack_count": 2, "price": 1.79, "currency": "EUR", "promo_type": "-10%", "compare_price": "1 kg = 14.92", "uvp": "1.99", "discount_pct": 10, "valid_from": "2025-11-10", "valid_to": "2025-11-15", "special_validity": null, "notes": "Enthält Alkohol.; Zeitlich begrenzter Probierpreis gültig von Montag 10.11. bis Samstag 15.11. für alle Deluxe-Artikel auf dieser Seite"}
{"supermarket": "Lidl", "brand": "Barilla", "product_name": "Pasta Sauce", "variant": "Versch. Sorten.", "pack_size": "400 g", "unit": null, "pack_count": null, "price": 1.69, "currency": "EUR", "promo_type": "-47%, Tiefpreis Garantie", "compare_price": "1 kg = 4.23", "uvp": "3.19", "discount_pct": 47, "valid_from": "2025-11-10", "valid_to": "2025-11-15", "special_validity": null, "notes": "Dieser Artikel kann aufgrund begrenzter Vorratsmenge bereits im Laufe des ersten Angebotstages ausverkauft sein"}
{"supermarket": "Lidl", "brand": "Livarno Home", "product_name": "LED-Leuchtstern", "variant": null, "pack_size": null, "unit": "Stück", "pack_count": null, "price": 4.99, "currency": "EUR", "promo_type": "-61%, Tiefpreis Garantie", "compare_price": null, "uvp": "12.99", "discount_pct": 61, "valid_from": "2025-11-10", "valid_to": "2025-11-15", "special_validity": null, "notes": "Letzter Preis auf lidl.de zum Drucktermin; Dieser Artikel kann aufgrund begrenzter Vorratsmenge bereits im Laufe des ersten Angebotstages ausverkauft sein"}
{"supermarket": "Lidl", "brand": "Parkside", "product_name": "Gefütterte Arbeitsbundhose", "variant": null, "pack_size": null, "unit": "Stück", "pack_count": null, "price": 9.99, "currency": "EUR", "promo_type": "-56%, Tiefpreis Garantie", "compare_price": null, "uvp": "22.99", "discount_pct": 56, "valid_from": "2025-11-13", "valid_to": "2025-11-15", "special_validity": "Ab Donnerstag 13.11.", "notes": "Auch online; Letzter Preis auf lidl.de zum Drucktermin; Dieser Artikel kann aufgrund begrenzter Vorratsmenge bereits im Laufe des ersten Angebotstages ausverkauft sein"}
{"supermarket": "Lidl", "brand": "Deluxe", "product_name": "Parmigiano Reggiano", "variant": "Gehobelt, 22 Monate gereift", "pack_size": "100 g", "unit": null, "pack_count": null, "price": 2.29, "currency": "EUR", "promo_type": "-14%", "compare_price": "1 kg = 22.90", "uvp": "2.69", "discount_pct": 14, "valid_from": "2025-11-10", "valid_to": "2025-11-15", "special_validity": null, "notes": "Zeitlich begrenzter Probierpreis gültig von Montag 10.11. bis Samstag 15.11. für alle Deluxe-Artikel auf dieser Seite; Dieser Artikel kann aufgrund begrenzter Vorratsmenge bereits im Laufe des ersten Angebotstages ausverkauft sein"}
{"supermarket": "Lidl", "brand": "Deluxe", "product_name": "Italienische Wurstspezialitäten", "variant": "Versch. Sorten.", "pack_size": "100 g", "unit": null, "pack_count": null, "price": 2.29, "currency": "EUR", "promo_type": "-17%", "compare_price": "1 kg = 22.90", "uvp": "2.79", "discount_pct": 17, "valid_from": "2025-11-10", "valid_to": "2025-11-15", "special_validity": null, "notes": "Zeitlich begrenzter Probierpreis gültig von Montag 10.11. bis Samstag 15.11. für alle Deluxe-Artikel auf dieser Seite; Dieser Artikel kann aufgrund begrenzter Vorratsmenge bereits im Laufe des ersten Angebotstages ausverkauft sein"}
{"supermarket": "Lidl", "brand": "Deluxe", "product_name": "Salami", "variant": "Nach traditioneller Herstellungsweise.", "pack_size": "200 g", "unit": null, "pack_count": null, "price": 2.99, "currency": "EUR", "promo_type": "-14%", "compare_price": "1 kg = 14.95", "uvp": "3.49", "discount_pct": 14, "valid_from": "2025-11-10", "valid_to": "2025-11-15", "special_validity": null, "notes": "Zeitlich begrenzter Probierpreis gültig von Montag 10.11. bis Samstag 15.11. für alle Deluxe-Artikel auf dieser Seite; Dieser Artikel kann aufgrund begrenzter Vorratsmenge bereits im Laufe des ersten Angebotstages ausverkauft sein"}
{"supermarket": "Lidl", "brand": "Deluxe", "product_name": "Chilischoten", "variant": "Gemahlen und eingelegt in nativem Olivenöl extra.", "pack_size": "170 g", "unit": null, "pack_count": null, "price": 1.99, "currency": "EUR", "promo_type": "-20%", "compare_price": "1 kg = 11.71", "uvp": "2.49", "discount_pct": 20, "valid_from": "2025-11-10", "valid_to": "2025-11-15", "special_validity": null, "notes": "Zeitlich begrenzter Probierpreis gültig von Montag 10.11. bis Samstag 15.11. für alle Deluxe-Artikel auf dieser Seite; Dieser Artikel kann aufgrund begrenzter Vorratsmenge bereits im Laufe des ersten Angebotstages ausverkauft sein"}
{"supermarket": "Lidl", "brand": "Deluxe", "product_name": "Würzöl", "variant": "Versch. Sorten.", "pack_size": "125 ml", "unit": null, "pack_count": null, "price": 1.69, "currency": "EUR", "promo_type": "-15%", "compare_price": "1 l = 13.52", "uvp": "1.99", "discount_pct": 15, "valid_from": "2025-11-10", "valid_to": "2025-11-15", "special_validity": null, "notes": "Zeitlich begrenzter Probierpreis gültig von Montag 10.11. bis Samstag 15.11. für alle Deluxe-Artikel auf dieser Seite; Dieser Artikel kann aufgrund begrenzter Vorratsmenge bereits im Laufe des ersten Angebotstages ausverkauft sein"}
{"supermarket": "Lidl", "brand": "Deluxe", "product_name": "Nussöl", "variant": "Versch. Sorten.", "pack_size": "250 ml", "unit": null, "pack_count": null, "price": 2.99, "currency": "EUR", "promo_type": "-14%", "compare_price": "1 l = 11.96", "uvp": "3.49", "discount_pct": 14, "valid_from": "2025-11-10", "valid_to": "2025-11-15", "special_validity": null, "notes": "Zeitlich begrenzter Probierpreis gültig von Montag 10.11. bis Samstag 15.11. für alle Deluxe-Artikel auf dieser Seite; Dieser Artikel kann aufgrund begrenzter Vorratsmenge bereits im Laufe des ersten Angebotstages ausverkauft sein"}
{"supermarket": "Lidl", "brand": "Deluxe", "product_name": "Pistazien Sahnelikör", "variant": "15% vol", "pack_size": "0.5 l", "unit": null, "pack_count": null, "price": 5.99, "currency": "EUR", "promo_type": "-14%", "compare_price": "1 l = 11.98", "uvp": "6.99", "discount_pct": 14, "valid_from": "2025-11-10", "valid_to": "2025-11-15", "special_validity": null, "notes": "Auch online; Falstaff 89 Punkte (sehr gut); Zeitlich begrenzter Probierpreis gültig von Montag 10.11. bis Samstag 15.11. für alle Deluxe-Artikel auf dieser Seite; Dieser Artikel kann aufgrund begrenzter Vorratsmenge bereits im Laufe des ersten Angebotstages ausverkauft sein"}
{"supermarket": "Lidl", "brand": "Deluxe", "product_name": "Pilze", "variant": "Versch. Sorten.", "pack_size": "300/250/350 g", "unit": null, "pack_count": null, "price": 1.99, "currency": "EUR", "promo_type": "-20%", "compare_price": "1 kg = 6.63/7.96/5.69", "uvp": "2.49", "discount_pct": 20, "valid_from": "2025-11-10", "valid_to": "2025-11-15", "special_validity": null, "notes": "Zeitlich begrenzter Probierpreis gültig von Montag 10.11. bis Samstag 15.11. für alle Deluxe-Artikel auf dieser Seite; Dieser Artikel kann aufgrund begrenzter Vorratsmenge bereits im Laufe des ersten Angebotstages ausverkauft sein"}
{"supermarket": "Lidl", "brand": "Deluxe", "product_name": "Getrocknete Steinpilze", "variant": null, "pack_size": "20 g", "unit": null, "pack_count": null, "price": 1.59, "currency": "EUR", "promo_type": "-20%", "compare_price": "1 kg = 79.50", "uvp": "1.99", "discount_pct": 20, "valid_from": "2025-11-10", "valid_to": "2025-11-15", "special_validity": null, "notes": "Zeitlich begrenzter Probierpreis gültig von Montag 10.11. bis Samstag 15.11. für alle Deluxe-Artikel auf dieser Seite; Dieser Artikel kann aufgrund begrenzter Vorratsmenge bereits im Laufe des ersten Angebotstages ausverkauft sein"}
{"supermarket": "Lidl", "brand": "Deluxe", "product_name": "Krokant", "variant": "Versch. Sorten.", "pack_size": "140 g", "unit": null, "pack_count": null, "price": 1.99, "currency": "EUR", "promo_type": "-20%", "compare_price": "1 kg = 14.21", "uvp": "2.49", "discount_pct": 20, "valid_from": "2025-11-10", "valid_to": "2025-11-15", "special_validity": null, "notes": "Zeitlich begrenzter Probierpreis gültig von Montag 10.11. bis Samstag 15.11. für alle Deluxe-Artikel auf dieser Seite; Dieser Artikel kann aufgrund begrenzter Vorratsmenge bereits im Laufe des ersten Angebotstages ausverkauft sein"}
{"supermarket": "Lidl", "brand": "Deluxe", "product_name": "Weicher Torrone", "variant": "Versch. Sorten.", "pack_size": "100 g", "unit": null, "pack_count": null, "price": 1.49, "currency": "EUR", "promo_type": "-25%", "compare_price": "1 kg = 14.90", "uvp": "1.99", "discount_pct": 25, "valid_from": "2025-11-10", "valid_to": "2025-11-15", "special_validity": null, "notes": "Dieser Artikel kann aufgrund begrenzter Vorratsmenge bereits im Laufe des ersten Angebotstages ausverkauft sein"}
{"supermarket": "Lidl", "brand": "Deluxe", "product_name": "Käsespätzle", "variant": "Versch. Sorten.", "pack_size": "350 g", "unit": null, "pack_count": null, "price": 2.99, "currency": "EUR", "promo_type": null, "compare_price": "1 kg = 8.54", "uvp": null, "discount_pct": null, "valid_from": "2025-11-10", "valid_to": "2025-11-15", "special_validity": null, "notes": "Dieser Artikel kann aufgrund begrenzter Vorratsmenge bereits im Laufe des ersten Angebotstages ausverkauft sein"}
{"supermarket": "Lidl", "brand": "Deluxe", "product_name": "Feinste Mini Maultaschen", "variant": "Versch. Sorten.", "pack_size": "250 g", "unit": null, "pack_count": null, "price": 2.49, "currency": "EUR", "promo_type": null, "compare_price": "1 kg = 9.96", "uvp": null, "discount_pct": null, "valid_from": "2025-11-10", "valid_to": "2025-11-15", "special_validity": null, "notes": "Dieser Artikel kann aufgrund begrenzter Vorratsmenge bereits im Laufe des ersten Angebotstages ausverkauft sein"}
{"supermarket": "Lidl", "brand": "Deluxe", "product_name": "Nusscreme", "variant": "Versch. Sorten.", "pack_size": "190 g", "unit": null, "pack_count": null, "price": 2.99, "currency": "EUR", "promo_type": null, "compare_price": "1 kg = 15.74", "uvp": null, "discount_pct": null, "valid_from": "2025-11-10", "valid_to": "2025-11-15", "special_validity": null, "notes": "Dieser Artikel kann aufgrund begrenzter Vorratsmenge bereits im Laufe des ersten Angebotstages ausverkauft sein"}
{"supermarket": "Lidl", "brand": "Deluxe", "product_name": "Steirische Käsespezialitäten", "variant": "Versch. Sorten.", "pack_size": "275/250 g", "unit": null, "pack_count": null, "price": 3.49, "currency": "EUR", "promo_type": null, "compare_price": "1 kg = 12.69/13.96", "uvp": null, "discount_pct": null, "valid_from": "2025-11-10", "valid_to": "2025-11-15", "special_validity": null, "notes": "Dieser Artikel kann aufgrund begrenzter Vorratsmenge bereits im Laufe des ersten Angebotstages ausverkauft sein"}
{"supermarket": "Lidl", "brand": "Deluxe", "product_name": "Wildsalami", "variant": "Versch. Sorten.", "pack_size": "250 g", "unit": null, "pack_count": null, "price": 4.49, "currency": "EUR", "promo_type": null, "compare_price": "1 kg = 17.96", "uvp": null, "discount_pct": null, "valid_from": "2025-11-10", "valid_to": "2025-11-15", "special_validity": null, "notes": "Dieser Artikel kann aufgrund begrenzter Vorratsmenge bereits im Laufe des ersten Angebotstages ausverkauft sein"}
{"supermarket": "Lidl", "brand": "Deluxe", "product_name": "Bio Japanischer Matcha", "variant": null, "pack_size": "30 g", "unit": null, "pack_count": null, "price": 6.99, "currency": "EUR", "promo_type": null, "compare_price": "1 kg = 233.00", "uvp": null, "discount_pct": null, "valid_from": "2025-11-10", "valid_to": "2025-11-15", "special_validity": null, "notes": "Dieser Artikel kann aufgrund begrenzter Vorratsmenge bereits im Laufe des ersten Angebotstages ausverkauft sein"}
{"supermarket": "Lidl", "brand": "Deluxe", "product_name": "Dessert in Glastasse", "variant": "Versch. Sorten.", "pack_size": "125 g", "unit": null, "pack_count": null, "price": 2.49, "currency": "EUR", "promo_type": null, "compare_price": "1 kg = 19.92", "uvp": null, "discount_pct": null, "valid_from": "2025-11-10", "valid_to": "2025-11-15", "special_validity": null, "notes": "Enthält Alkohol.; Dieser Artikel kann aufgrund begrenzter Vorratsmenge bereits im Laufe des ersten Angebotstages ausverkauft sein"}
{"supermarket": "Lidl", "brand": null, "product_name": "Frische Gans", "variant": "HKL A, mit Innereien.", "pack_size": "ca. 3,6-5,8 kg", "unit": "kg", "pack_count": null, "price": null, "currency": "EUR", "promo_type": "Gewohnt günstiger Lidl-Preis", "compare_price": "kg-Preis", "uvp": null, "discount_pct": null, "valid_from": "2025-11-10", "valid_to": "2025-12-07", "special_validity": "Reservierung online bis 7.12.; Abholung: 19.12., 20.12. oder 22.12.", "notes": "Weihnachtsgans vorbestellen? Lohnt sich!; Reservierung online bis zum 7.12. auf lidl.de/gänsek; Abholen & bezahlen am 19.12., 20.12. oder 22.12.; Reservierungsmöglichkeit nur solange Vorrat reicht. Der Kaufpreis der reservierten Gänse ist abhängig vom tatsächlichen Gewicht der jeweiligen Gans. Bei Abholung ist die Reservierungsbestätigung der ausgewählten Wunschfiliale vorzuzeigen. Bei Nichtabholung zum ausgewählten Wunschtermin verfällt die Reservierung ersatzlos. Die Reservierung ist unverbindlich. Ein Kaufvertrag kommt erst bei Zahlung an der Kasse der Wunschfiliale mit der die jeweilige Filiale betreibenden Lidl Vertriebs-GmbH & Co. KG zustande."}
{"supermarket": "Lidl", "brand": "Deluxe", "product_name": "Weihnachtseis", "variant": "Versch. Sorten.", "pack_size": "510/425/400 ml", "unit": null, "pack_count": null, "price": 2.69, "currency": "EUR", "promo_type": null, "compare_price": "1 l = 5.27/6.33/6.73", "uvp": null, "discount_pct": null, "valid_from": "2025-11-10", "valid_to": "2025-11-15", "special_validity": null, "notes": "Dieser Artikel kann aufgrund begrenzter Vorratsmenge bereits im Laufe des ersten Angebotstages ausverkauft sein"}
{"supermarket": "Lidl", "brand": "Deluxe", "product_name": "Macarons in Geschenkbox", "variant": "Versch. Sorten.", "pack_size": "126 g", "unit": null, "pack_count": 7, "price": 3.99, "currency": "EUR", "promo_type": null, "compare_price": "1 kg = 31.67", "uvp": null, "discount_pct": null, "valid_from": "2025-11-10", "valid_to": "2025-11-15", "special_validity": null, "notes": "Dieser Artikel kann aufgrund begrenzter Vorratsmenge bereits im Laufe des ersten Angebotstages ausverkauft sein"}
{"supermarket": "Lidl", "brand": "Deluxe", "product_name": "Premium Tiramisu", "variant": null, "pack_size": "500 g", "unit": null, "pack_count": null, "price": 2.99, "currency": "EUR", "promo_type": null, "compare_price": "1 kg = 5.98", "uvp": null, "discount_pct": null, "valid_from": "2025-11-10", "valid_to": "2025-11-15", "special_validity": null, "notes": "Enthält Alkohol.; Dieser Artikel kann aufgrund begrenzter Vorratsmenge bereits im Laufe des ersten Angebotstages ausverkauft sein"}
{"supermarket": "Lidl", "brand": "Deluxe", "product_name": "Mousse", "variant": "Versch. Sorten.", "pack_size": "350 g", "unit": null, "pack_count": null, "price": 3.79, "currency": "EUR", "promo_type": null, "compare_price": "1 kg = 10.83", "uvp": null, "discount_pct": null, "valid_from": "2025-11-10", "valid_to": "2025-11-15", "special_validity": null, "notes": "Dieser Artikel kann aufgrund begrenzter Vorratsmenge bereits im Laufe des ersten Angebotstages ausverkauft sein"}
{"supermarket": "Lidl", "brand": "Deluxe", "product_name": "Feinste Belgische Pralinen", "variant": "Versch. Sorten.", "pack_size": "300 g", "unit": null, "pack_count": null, "price": 4.99, "currency": "EUR", "promo_type": null, "compare_price": "1 kg = 16.63", "uvp": null, "discount_pct": null, "valid_from": "2025-11-10", "valid_to": "2025-11-15", "special_validity": null, "notes": "Dieser Artikel kann aufgrund begrenzter Vorratsmenge bereits im Laufe des ersten Angebotstages ausverkauft sein"}
{"supermarket": "Lidl", "brand": "Deluxe", "product_name": "Feinste Trüffel", "variant": "Versch. Sorten.", "pack_size": "200 g", "unit": null, "pack_count": null, "price": 4.49, "currency": "EUR", "promo_type": null, "compare_price": "1 kg = 22.45", "uvp": null, "discount_pct": null, "valid_from": "2025-11-10", "valid_to": "2025-11-15", "special_validity": null, "notes": "Im Aufsteller; Enthält teilweise Alkohol.; Dieser Artikel kann aufgrund begrenzter Vorratsmenge bereits im Laufe des ersten Angebotstages ausverkauft sein"}
{"supermarket": "Lidl", "brand": "Deluxe", "product_name": "Nüsse in Milchschokolade", "variant": "Versch. Sorten.", "pack_size": "175 g", "unit": null, "pack_count": null, "price": 3.49, "currency": "EUR", "promo_type": null, "compare_price": "1 kg = 19.94", "uvp": null, "discount_pct": null, "valid_from": "2025-11-10", "valid_to": "2025-11-15", "special_validity": null, "notes": "Dieser Artikel kann aufgrund begrenzter Vorratsmenge bereits im Laufe des ersten Angebotstages ausverkauft sein"}
{"supermarket": "Lidl", "brand": "Deluxe", "product_name": "Macadamia", "variant": "Versch. Sorten.", "pack_size": "130/120 g", "unit": null, "pack_count": null, "price": 3.49, "currency": "EUR", "promo_type": null, "compare_price": "1 kg = 26.85/29.08", "uvp": null, "discount_pct": null, "valid_from": "2025-11-10", "valid_to": "2025-11-15", "special_validity": null, "notes": "Dieser Artikel kann aufgrund begrenzter Vorratsmenge bereits im Laufe des ersten Angebotstages ausverkauft sein"}
{"supermarket": "Lidl", "brand": "Deluxe", "product_name": "Lachs in Blätterteig", "variant": "Versch. Sorten.", "pack_size": "700 g", "unit": null, "pack_count": null, "price": 6.99, "currency": "EUR", "promo_type": null, "compare_price": "1 kg = 9.99", "uvp": null, "discount_pct": null, "valid_from": "2025-11-10", "valid_to": "2025-11-15", "special_validity": null, "notes": "Dieser Artikel kann aufgrund begrenzter Vorratsmenge bereits im Laufe des ersten Angebotstages ausverkauft sein"}
{"supermarket": "Lidl", "brand": "Deluxe", "product_name": "ASC Isländischer Räucherlachs", "variant": "über Buchenholz geräuchert, in feinen Scheiben, aufgetaut", "pack_size": "100 g", "unit": null, "pack_count": null, "price": 2.79, "currency": "EUR", "promo_type": null, "compare_price": "1 kg = 27.90", "uvp": null, "discount_pct": null, "valid_from": "2025-11-10", "valid_to": "2025-11-15", "special_validity": null, "notes": "Dieser Artikel kann aufgrund begrenzter Vorratsmenge bereits im Laufe des ersten Angebotstages ausverkauft sein"}
{"supermarket": "Lidl", "brand": "Deluxe", "product_name": "MSC Wildlachsfilet", "variant": "Versch. Sorten.", "pack_size": "700 g", "unit": null, "pack_count": null, "price": 6.99, "currency": "EUR", "promo_type": null, "compare_price": "1 kg = 9.99", "uvp": null, "discount_pct": null, "valid_from": "2025-11-10", "valid_to": "2025-11-15", "special_validity": null, "notes": "Dieser Artikel kann aufgrund begrenzter Vorratsmenge bereits im Laufe des ersten Angebotstages ausverkauft sein"}
{"supermarket": "Lidl", "brand": "Deluxe", "product_name": "Octopusarme", "variant": "Gewürzt und gegart.", "pack_size": "250 g", "unit": null, "pack_count": null, "price": 9.99, "currency": "EUR", "promo_type": null, "compare_price": "1 kg = 39.96", "uvp": null, "discount_pct": null, "valid_from": "2025-11-10", "valid_to": "2025-11-15", "special_validity": null, "notes": "Dieser Artikel kann aufgrund begrenzter Vorratsmenge bereits im Laufe des ersten Angebotstages ausverkauft sein"}
{"supermarket": "Lidl", "brand": "Deluxe", "product_name": "Zanderfilet-portionen", "variant": "mit Haut, glasiert, küchenfertig, tiefgefroren", "pack_size": "500 g", "unit": null, "pack_count": null, "price": 6.99, "currency": "EUR", "promo_type": null, "compare_price": "Abtropfgewicht: 450 g; 1 kg = 15.53", "uvp": null, "discount_pct": null, "valid_from": "2025-11-10", "valid_to": "2025-11-15", "special_validity": null, "notes": "Dieser Artikel kann aufgrund begrenzter Vorratsmenge bereits im Laufe des ersten Angebotstages ausverkauft sein"}
{"supermarket": "Lidl", "brand": "Deluxe", "product_name": "ASC White Tiger Garnelenring", "variant": "gekocht, teilgeschält, entdarmt, glasiert, mit exotischer Sweet Chili Sauce, tiefgefroren", "pack_size": "300 g", "unit": null, "pack_count": null, "price": 4.99, "currency": "EUR", "promo_type": null, "compare_price": "Abtropfgewicht: 270 g; 1 kg = 18.48", "uvp": null, "discount_pct": null, "valid_from": "2025-11-10", "valid_to": "2025-11-15", "special_validity": null, "notes": "Dieser Artikel kann aufgrund begrenzter Vorratsmenge bereits im Laufe des ersten Angebotstages ausverkauft sein"}
{"supermarket": "Lidl", "brand": "Deluxe", "product_name": "MSC Grönlandgarnelen", "variant": "mit Schale, gekocht, glasiert, tiefgefroren", "pack_size": "1 kg", "unit": null, "pack_count": null, "price": 8.99, "currency": "EUR", "promo_type": null, "compare_price": "Abtropfgewicht: 900 g; 1 kg = 9.99", "uvp": null, "discount_pct": null, "valid_from": "2025-11-10", "valid_to": "2025-11-15", "special_validity": null, "notes": "Dieser Artikel kann aufgrund begrenzter Vorratsmenge bereits im Laufe des ersten Angebotstages ausverkauft sein"}
{"supermarket": "Lidl", "brand": "Deluxe", "product_name": "ASC White Tiger Garnelen", "variant": "roh, in Schale, ohne Kopf, entdarmt, glasiert, tiefgefroren", "pack_size": "720 g", "unit": null, "pack_count": null, "price": 9.99, "currency": "EUR", "promo_type": null, "compare_price": "1 kg = 13.88", "uvp": null, "discount_pct": null, "valid_from": "2025-11-10", "valid_to": "2025-11-15", "special_validity": null, "notes": "Dieser Artikel kann aufgrund begrenzter Vorratsmenge bereits im Laufe des ersten Angebotstages ausverkauft sein"}
{"supermarket": "Lidl", "brand": "Deluxe", "product_name": "Seidenknödel", "variant": "Vegan", "pack_size": "500 g", "unit": null, "pack_count": null, "price": 1.59, "currency": "EUR", "promo_type": null, "compare_price": "1 kg = 3.18", "uvp": null, "discount_pct": null, "valid_from": "2025-11-10", "valid_to": "2025-11-15", "special_validity": null, "notes": "V-Label international; Dieser Artikel kann aufgrund begrenzter Vorratsmenge bereits im Laufe des ersten Angebotstages ausverkauft sein"}
{"supermarket": "Lidl", "brand": "Deluxe", "product_name": "Knusperente", "variant": "Halbe Ente, ohne Knochen, gewürzt, vorgegart, tiefgefroren", "pack_size": "320 g", "unit": null, "pack_count": null, "price": 5.99, "currency": "EUR", "promo_type": null, "compare_price": "1 kg = 18.72", "uvp": null, "discount_pct": null, "valid_from": "2025-11-10", "valid_to": "2025-11-15", "special_validity": null, "notes": "Dieser Artikel kann aufgrund begrenzter Vorratsmenge bereits im Laufe des ersten Angebotstages ausverkauft sein"}
{"supermarket": "Lidl", "brand": "Deluxe", "product_name": "Wildgulasch", "variant": "Vom Hirsch. Mit geräuchertem Schweinebauch, in Sauce, tiefgefroren", "pack_size": "300 g", "unit": null, "pack_count": null, "price": 3.99, "currency": "EUR", "promo_type": null, "compare_price": "1 kg = 13.30", "uvp": null, "discount_pct": null, "valid_from": "2025-11-10", "valid_to": "2025-11-15", "special_validity": null, "notes": "Dieser Artikel kann aufgrund begrenzter Vorratsmenge bereits im Laufe des ersten Angebotstages ausverkauft sein"}
{"supermarket": "Lidl", "brand": "Heidsieck & Co Monopole", "product_name": "Blue Top Champagner", "variant": "brut", "pack_size": "0.75 l", "unit": null, "pack_count": null, "price": 24.99, "currency": "EUR", "promo_type": "-26%", "compare_price": "1 l = 33.32", "uvp": "33.99", "discount_pct": 26, "valid_from": "2025-11-02", "valid_to": "2025-11-15", "special_validity": "Ab So. 2.11. bis 15.11.", "notes": "Auch online; Dieser Artikel kann aufgrund begrenzter Vorratsmenge bereits im Laufe des ersten Angebotstages ausverkauft sein"}
{"supermarket": "Lidl", "brand": "Deluxe", "product_name": "Prinzessbohnen im Speckmantel", "variant": "Tiefgefroren", "pack_size": "360 g", "unit": null, "pack_count": null, "price": 3.99, "currency": "EUR", "promo_type": null, "compare_price": "1 kg = 11.08", "uvp": null, "discount_pct": null, "valid_from": "2025-11-10", "valid_to": "2025-11-15", "special_validity": null, "notes": "Dieser Artikel kann aufgrund begrenzter Vorratsmenge bereits im Laufe des ersten Angebotstages ausverkauft sein"}
{"supermarket": "Lidl", "brand": "Deluxe", "product_name": "Rösti-Sterne", "variant": "aus feinen Kartoffelraspeln, gewürzt, vorgebacken, tiefgefroren", "pack_size": "600 g", "unit": null, "pack_count": null, "price": 2.29, "currency": "EUR", "promo_type": null, "compare_price": "1 kg = 3.32", "uvp": null, "discount_pct": null, "valid_from": "2025-11-10", "valid_to": "2025-11-15", "special_validity": null, "notes": "Dieser Artikel kann aufgrund begrenzter Vorratsmenge bereits im Laufe des ersten Angebotstages ausverkauft sein"}
{"supermarket": "Lidl", "brand": "Deluxe", "product_name": "Fonds", "variant": "Versch. Sorten.", "pack_size": "400 ml", "unit": null, "pack_count": null, "price": 0.99, "currency": "EUR", "promo_type": "-28%, Mit Lidl Plus", "compare_price": "1 l = 2.48 (Normal-Preis 1 l = 3.48)", "uvp": "1.39", "discount_pct": 28, "valid_from": "2025-11-10", "valid_to": "2025-11-15", "special_validity": null, "notes": "Angebot ausschließlich für Nutzer der Lidl Plus App. Es gelten die Angebots-/Couponbedingungen in der Lidl Plus App. Mehr Infos unter lidlplus.de; Dieser Artikel kann aufgrund begrenzter Vorratsmenge bereits im Laufe des ersten Angebotstages ausverkauft sein"}
{"supermarket": "Lidl", "brand": "Deluxe", "product_name": "Maronen", "variant": "Geschält.", "pack_size": "420 g", "unit": null, "pack_count": null, "price": 5.99, "currency": "EUR", "promo_type": null, "compare_price": "1 kg = 14.26", "uvp": null, "discount_pct": null, "valid_from": "2025-11-10", "valid_to": "2025-11-15", "special_validity": null, "notes": "Im Aufsteller; Dieser Artikel kann aufgrund begrenzter Vorratsmenge bereits im Laufe des ersten Angebotstages ausverkauft sein"}
{"supermarket": "Lidl", "brand": "Glenalba", "product_name": "Blended Scotch Whisky", "variant": "19 Jahre Oloroso Sherry Cask Finish", "pack_size": "0.7 l", "unit": null, "pack_count": null, "price": 29.99, "currency": "EUR", "promo_type": "-40%", "compare_price": "1 l = 42.84", "uvp": "49.99", "discount_pct": 40, "valid_from": "2025-11-10", "valid_to": "2025-11-15", "special_validity": null, "notes": "Auch online; Falstaff 89 Punkte (sehr gut); Dieser Artikel kann aufgrund begrenzter Vorratsmenge bereits im Laufe des ersten Angebotstages ausverkauft sein"}
{"supermarket": "Lidl", "brand": "Freshona", "product_name": "Gemüse", "variant": "Versch. Sorten.", "pack_size": "750 g", "unit": null, "pack_count": null, "price": 1.99, "currency": "EUR", "promo_type": null, "compare_price": "1 kg = 2.65", "uvp": null, "discount_pct": null, "valid_from": "2025-11-10", "valid_to": "2025-11-15", "special_validity": null, "notes": "Dieser Artikel kann aufgrund begrenzter Vorratsmenge bereits im Laufe des ersten Angebotstages ausverkauft sein"}
{"supermarket": "Lidl", "brand": "Deluxe", "product_name": "Kartoffelgratin", "variant": "Versch. Sorten.", "pack_size": "400 g", "unit": null, "pack_count": 4, "price": 2.99, "currency": "EUR", "promo_type": null, "compare_price": "1 kg = 7.48", "uvp": null, "discount_pct": null, "valid_from": "2025-11-10", "valid_to": "2025-11-15", "special_validity": null, "notes": "Dieser Artikel kann aufgrund begrenzter Vorratsmenge bereits im Laufe des ersten Angebotstages ausverkauft sein"}
{"supermarket": "Lidl", "brand": "Chef Select", "product_name": "Schweinefilet", "variant": null, "pack_size": "ca. 580 g", "unit": null, "pack_count": null, "price": 5.22, "currency": "EUR", "promo_type": null, "compare_price": "kg-Preis = 8.99", "uvp": null, "discount_pct": null, "valid_from": "2025-11-10", "valid_to": "2025-11-15", "special_validity": null, "notes": "Price calculated for 580 g at 8.99 EUR/kg; Dieser Artikel kann aufgrund begrenzter Vorratsmenge bereits im Laufe des ersten Angebotstages ausverkauft sein"}
{"supermarket": "Lidl", "brand": "Deluxe", "product_name": "Entenbrust/Schweinefilet", "variant": "Gebacken, Gepökelt und gegart. Versch. Sorten.", "pack_size": "100/80 g", "unit": null, "pack_count": null, "price": 1.99, "currency": "EUR", "promo_type": null, "compare_price": "1 kg = 19.90/24.88", "uvp": null, "discount_pct": null, "valid_from": "2025-11-10", "valid_to": "2025-11-15", "special_validity": null, "notes": "Dieser Artikel kann aufgrund begrenzter Vorratsmenge bereits im Laufe des ersten Angebotstages ausverkauft sein"}
{"supermarket": "Lidl", "brand": "Deluxe", "product_name": "Salami", "variant": "Versch. Sorten.", "pack_size": "80 g", "unit": null, "pack_count": null, "price": 1.99, "currency": "EUR", "promo_type": null, "compare_price": "1 kg = 24.88", "uvp": null, "discount_pct": null, "valid_from": "2025-11-10", "valid_to": "2025-11-15", "special_validity": null, "notes": "Dieser Artikel kann aufgrund begrenzter Vorratsmenge bereits im Laufe des ersten Angebotstages ausverkauft sein"}
{"supermarket": "Lidl", "brand": "Deluxe", "product_name": "Salami Trio", "variant": "Mit Napoli, Ungherese, Spianata Romana.", "pack_size": "120 g", "unit": null, "pack_count": null, "price": 2.99, "currency": "EUR", "promo_type": null, "compare_price": "1 kg = 24.92", "uvp": null, "discount_pct": null, "valid_from": "2025-11-10", "valid_to": "2025-11-15", "special_validity": null, "notes": "Dieser Artikel kann aufgrund begrenzter Vorratsmenge bereits im Laufe des ersten Angebotstages ausverkauft sein"}
{"supermarket": "Lidl", "brand": "Deluxe", "product_name": "Parmaschinken DOP", "variant": "Am Stück. Mind. 14 Monate gereift", "pack_size": "ca. 1.7 kg", "unit": null, "pack_count": null, "price": 19.99, "currency": "EUR", "promo_type": null, "compare_price": "kg-Preis", "uvp": null, "discount_pct": null, "valid_from": "2025-11-10", "valid_to": "2025-11-15", "special_validity": null, "notes": "Dieser Artikel kann aufgrund begrenzter Vorratsmenge bereits im Laufe des ersten Angebotstages ausverkauft sein"}
{"supermarket": "Lidl", "brand": "Deluxe", "product_name": "Krusten-schinkenbraten", "variant": "Versch. Sorten.", "pack_size": "120 g", "unit": null, "pack_count": null, "price": 1.99, "currency": "EUR", "promo_type": null, "compare_price": "1 kg = 16.58", "uvp": null, "discount_pct": null, "valid_from": "2025-11-10", "valid_to": "2025-11-15", "special_validity": null, "notes": "Dieser Artikel kann aufgrund begrenzter Vorratsmenge bereits im Laufe des ersten Angebotstages ausverkauft sein"}
{"supermarket": "Lidl", "brand": "Deluxe", "product_name": "Leberpastete", "variant": "Versch. Sorten.", "pack_size": "170 g", "unit": null, "pack_count": null, "price": 1.99, "currency": "EUR", "promo_type": null, "compare_price": "1 kg = 11.71", "uvp": null, "discount_pct": null, "valid_from": "2025-11-10", "valid_to": "2025-11-15", "special_validity": null, "notes": "Dieser Artikel kann aufgrund begrenzter Vorratsmenge bereits im Laufe des ersten Angebotstages ausverkauft sein"}
```

-----

# 
```jsonl
{"supermarket": "EDEKA", "brand": "Toppits", "product_name": "Backpapier", "variant": "naturbraun, Antihaft-Struktur", "pack_size": "8m", "unit": "Rolle", "pack_count": null, "price": 1.49, "currency": "EUR", "promo_type": "TOP-PREIS", "compare_price": null, "uvp": "1.99", "discount_pct": null, "valid_from": "2025-11-13", "valid_to": "2025-11-15", "special_validity": null, "notes": "n. G.= niedrigster Gesamtpreis der letzten 30 Tage"}
{"supermarket": "EDEKA", "brand": "Toppits", "product_name": "Backpapier", "variant": "naturbraun, Antihaft-Struktur", "pack_size": "8m", "unit": "Rolle", "pack_count": null, "price": 0.99, "currency": "EUR", "promo_type": "APP-PREIS", "compare_price": null, "uvp": "1.99", "discount_pct": 50, "valid_from": "2025-11-13", "valid_to": "2025-11-15", "special_validity": null, "notes": "*Nur in teilnehmenden Märkten verfügbar., n. G.= niedrigster Gesamtpreis der letzten 30 Tage"}
{"supermarket": "EDEKA", "brand": "Toppits", "product_name": "Back-Bögen", "variant": "Antihaft-Struktur", "pack_size": "20", "unit": "Bögen", "pack_count": null, "price": 1.99, "currency": "EUR", "promo_type": "TOP-PREIS", "compare_price": null, "uvp": "3.49", "discount_pct": null, "valid_from": "2025-11-13", "valid_to": "2025-11-15", "special_validity": null, "notes": "n. G.= niedrigster Gesamtpreis der letzten 30 Tage"}
{"supermarket": "EDEKA", "brand": "Toppits", "product_name": "Back-Bögen", "variant": "Antihaft-Struktur", "pack_size": "20", "unit": "Bögen", "pack_count": null, "price": 1.49, "currency": "EUR", "promo_type": "APP-PREIS", "compare_price": null, "uvp": "3.49", "discount_pct": 57, "valid_from": "2025-11-13", "valid_to": "2025-11-15", "special_validity": null, "notes": "*Nur in teilnehmenden Märkten verfügbar., n. G.= niedrigster Gesamtpreis der letzten 30 Tage"}
{"supermarket": "EDEKA", "brand": "EDEKA Herzstücke", "product_name": "Weizenmehl Type 550 oder Roggenmehl Type 1150", "variant": null, "pack_size": "1", "unit": "kg", "pack_count": null, "price": 0.99, "currency": "EUR", "promo_type": "TOP-PREIS", "compare_price": null, "uvp": "1.49", "discount_pct": null, "valid_from": "2025-11-13", "valid_to": "2025-11-15", "special_validity": null, "notes": "n. G.= niedrigster Gesamtpreis der letzten 30 Tage"}
{"supermarket": "EDEKA", "brand": "EDEKA Herzstücke", "product_name": "Bourbon-Vanillezucker", "variant": "mit 10% Bourbon-Vanille", "pack_size": "2x8g", "unit": "Beutel", "pack_count": 2, "price": 0.79, "currency": "EUR", "promo_type": "TOP-PREIS", "compare_price": "1kg = 49,38", "uvp": "0.99", "discount_pct": null, "valid_from": "2025-11-13", "valid_to": "2025-11-15", "special_validity": null, "notes": "n. G.= niedrigster Gesamtpreis der letzten 30 Tage"}
{"supermarket": "EDEKA", "brand": "EDEKA Herzstücke", "product_name": "Bourbon-Vanilleschoten, Vanille-Paste oder Bourbon-Vanille-Extrakt-Zubereitung", "variant": null, "pack_size": "50ml/g", "unit": "Flasche/Tube", "pack_count": null, "price": 1.99, "currency": "EUR", "promo_type": "TOP-PREIS", "compare_price": "1l/kg = 39,80", "uvp": "2.69", "discount_pct": null, "valid_from": "2025-11-13", "valid_to": "2025-11-15", "special_validity": null, "notes": "n. G.= niedrigster Gesamtpreis der letzten 30 Tage"}
{"supermarket": "EDEKA", "brand": "EDEKA zuhause", "product_name": "Kinder-Backset", "variant": "bestehend aus einer Kastenform, einer Springform und einer Teigrolle", "pack_size": null, "unit": "Set", "pack_count": null, "price": 6.99, "currency": "EUR", "promo_type": null, "compare_price": null, "uvp": null, "discount_pct": null, "valid_from": "2025-11-13", "valid_to": "2025-11-15", "special_validity": null, "notes": null}
{"supermarket": "EDEKA", "brand": "EDEKA Herzstücke", "product_name": "Kalifornische Mandeln", "variant": "versch. Sorten", "pack_size": "100", "unit": "g", "pack_count": null, "price": 1.49, "currency": "EUR", "promo_type": "TOP-PREIS", "compare_price": "1kg = 14,90", "uvp": "1.99", "discount_pct": null, "valid_from": "2025-11-13", "valid_to": "2025-11-15", "special_validity": null, "notes": "n. G.= niedrigster Gesamtpreis der letzten 30 Tage"}
{"supermarket": "EDEKA", "brand": "EDEKA Herzstücke", "product_name": "Haselnusskerne", "variant": "naturbelassen, gehobelt", "pack_size": "100", "unit": "g", "pack_count": null, "price": 1.79, "currency": "EUR", "promo_type": "TOP-PREIS", "compare_price": "1kg = 17,90", "uvp": "2.19", "discount_pct": null, "valid_from": "2025-11-13", "valid_to": "2025-11-15", "special_validity": null, "notes": "n. G.= niedrigster Gesamtpreis der letzten 30 Tage"}
{"supermarket": "EDEKA", "brand": "EDEKA Herzstücke", "product_name": "Haselnusskerne", "variant": "gemahlen", "pack_size": "200", "unit": "g", "pack_count": null, "price": 2.99, "currency": "EUR", "promo_type": "TOP-PREIS", "compare_price": "1kg = 14,95", "uvp": "3.69", "discount_pct": null, "valid_from": "2025-11-13", "valid_to": "2025-11-15", "special_validity": null, "notes": "n. G.= niedrigster Gesamtpreis der letzten 30 Tage"}
{"supermarket": "EDEKA", "brand": "EDEKA zuhause", "product_name": "Ausstechformen", "variant": "4er-Set mit weihnachtlichen Motiven (Stern, Schneemann, Tannenbaum und Sternschnuppe), Material: Edelstahl", "pack_size": null, "unit": "Packung", "pack_count": null, "price": 2.99, "currency": "EUR", "promo_type": null, "compare_price": null, "uvp": null, "discount_pct": null, "valid_from": "2025-11-13", "valid_to": "2025-11-15", "special_validity": null, "notes": null}
{"supermarket": "EDEKA", "brand": "EDEKA Herzstücke", "product_name": "Frische Schlagsahne", "variant": "32% Fett", "pack_size": "500", "unit": "g", "pack_count": null, "price": 2.49, "currency": "EUR", "promo_type": "TOP-PREIS", "compare_price": "1kg = 4,98", "uvp": "2.99", "discount_pct": null, "valid_from": "2025-11-13", "valid_to": "2025-11-15", "special_validity": null, "notes": "n. G.= niedrigster Gesamtpreis der letzten 30 Tage"}
{"supermarket": "EDEKA", "brand": "EDEKA Herzstücke", "product_name": "Kokosraspel", "variant": "extra grob geraspelt, naturbelassen", "pack_size": "200", "unit": "g", "pack_count": null, "price": 1.29, "currency": "EUR", "promo_type": "TOP-PREIS", "compare_price": "1kg = 6,45", "uvp": "1.69", "discount_pct": null, "valid_from": "2025-11-13", "valid_to": "2025-11-15", "special_validity": null, "notes": "n. G.= niedrigster Gesamtpreis der letzten 30 Tage"}
{"supermarket": "EDEKA", "brand": "EDEKA Herzstücke", "product_name": "Rum-Rosinen", "variant": "ungeschwefelt, 20% echter Jamaika-Rum", "pack_size": "125", "unit": "g", "pack_count": null, "price": 1.49, "currency": "EUR", "promo_type": "TOP-PREIS", "compare_price": "1kg = 11,92", "uvp": "2.49", "discount_pct": null, "valid_from": "2025-11-13", "valid_to": "2025-11-15", "special_validity": null, "notes": "n. G.= niedrigster Gesamtpreis der letzten 30 Tage"}
{"supermarket": "EDEKA", "brand": "Nestlé", "product_name": "Choclait Chips, Choco Crossies oder After Eight", "variant": "versch. Sorten", "pack_size": "115/150/200", "unit": "g", "pack_count": null, "price": 1.99, "currency": "EUR", "promo_type": "TOP-PREIS", "compare_price": "1kg = 17,30/13,27/9,95", "uvp": "3.79", "discount_pct": null, "valid_from": "2025-11-13", "valid_to": "2025-11-15", "special_validity": null, "notes": "n. G.= niedrigster Gesamtpreis der letzten 30 Tage"}
{"supermarket": "EDEKA", "brand": "Tony's Chocolonely", "product_name": "Schokolade", "variant": "versch. Sorten", "pack_size": "180", "unit": "g", "pack_count": null, "price": 2.99, "currency": "EUR", "promo_type": "TOP-PREIS", "compare_price": "1kg = 16,61", "uvp": "3.99", "discount_pct": null, "valid_from": "2025-11-13", "valid_to": "2025-11-15", "special_validity": null, "notes": "n. G.= niedrigster Gesamtpreis der letzten 30 Tage"}
{"supermarket": "EDEKA", "brand": "Nestlé", "product_name": "Schokoladenriegel oder Smarties Minis", "variant": "versch. Sorten, z.B. Smarties Mini 187g, Kit Kat Mini 217g", "pack_size": "187/217", "unit": "g", "pack_count": null, "price": 4.79, "currency": "EUR", "promo_type": "60 Extra Punkte", "compare_price": "1kg = 25,61/22,07", "uvp": "4.79", "discount_pct": null, "valid_from": "2025-11-13", "valid_to": "2025-11-15", "special_validity": null, "notes": "**Nur in teilnehmenden Märkten und solange Vorrat reicht., n. G.= niedrigster Gesamtpreis der letzten 30 Tage, 60 Extra Punkte = € 0.60 PAYBACK"}
{"supermarket": "EDEKA", "brand": null, "product_name": "Lebkuchen-Hexenhaus oder -Eisenbahn", "variant": "süßer Bastelspaß", "pack_size": "900/1035", "unit": "g", "pack_count": null, "price": 6.99, "currency": "EUR", "promo_type": "TOP-PREIS", "compare_price": "1kg = 7,77/6,75", "uvp": "8.99", "discount_pct": null, "valid_from": "2025-11-13", "valid_to": "2025-11-15", "special_validity": null, "notes": "n. G.= niedrigster Gesamtpreis der letzten 30 Tage"}
{"supermarket": "EDEKA", "brand": "Zentis", "product_name": "Marzipan-Kartoffeln", "variant": null, "pack_size": "200", "unit": "g", "pack_count": null, "price": 1.79, "currency": "EUR", "promo_type": "TOP-PREIS", "compare_price": "1kg = 8,95", "uvp": "2.79", "discount_pct": null, "valid_from": "2025-11-13", "valid_to": "2025-11-15", "special_validity": null, "notes": "n. G.= niedrigster Gesamtpreis der letzten 30 Tage"}
{"supermarket": "EDEKA", "brand": "Dr. Quendt", "product_name": "Echter Dresdner Christstollen", "variant": null, "pack_size": "1", "unit": "kg", "pack_count": null, "price": 9.99, "currency": "EUR", "promo_type": null, "compare_price": null, "uvp": null, "discount_pct": null, "valid_from": "2025-11-13", "valid_to": "2025-11-15", "special_validity": null, "notes": null}
{"supermarket": "EDEKA", "brand": "Milka", "product_name": "Schnee- oder Weihnachtsmann", "variant": "Schokoladen-Hohlfiguren, versch. Sorten", "pack_size": "45/50", "unit": "g", "pack_count": null, "price": 1.11, "currency": "EUR", "promo_type": "TOP-PREIS", "compare_price": "1kg = 24,67/22,20", "uvp": "1.89", "discount_pct": null, "valid_from": "2025-11-13", "valid_to": "2025-11-15", "special_validity": null, "notes": "**Nur in teilnehmenden Märkten und solange Vorrat reicht., n. G.= niedrigster Gesamtpreis der letzten 30 Tage"}
{"supermarket": "EDEKA", "brand": "Leibniz", "product_name": "Butterkekse", "variant": "versch. Sorten", "pack_size": "150/200", "unit": "g", "pack_count": null, "price": 1.29, "currency": "EUR", "promo_type": "TOP-PREIS", "compare_price": "1kg = 8,60/6,45", "uvp": "1.99", "discount_pct": null, "valid_from": "2025-11-13", "valid_to": "2025-11-15", "special_validity": null, "notes": "n. G.= niedrigster Gesamtpreis der letzten 30 Tage"}
{"supermarket": "EDEKA", "brand": "Mövenpick", "product_name": "Edle Komposition, Eilles oder Idee Kaffee", "variant": "gemahlen, versch. Sorten", "pack_size": "500", "unit": "g", "pack_count": null, "price": 6.79, "currency": "EUR", "promo_type": "TOP-PREIS", "compare_price": "1kg = 13,58", "uvp": "8.99", "discount_pct": null, "valid_from": "2025-11-13", "valid_to": "2025-11-15", "special_validity": null, "notes": "n. G.= niedrigster Gesamtpreis der letzten 30 Tage"}
{"supermarket": "EDEKA", "brand": "Mövenpick", "product_name": "Edle Komposition, Eilles oder Idee Kaffee", "variant": "gemahlen, versch. Sorten", "pack_size": "500", "unit": "g", "pack_count": null, "price": 6.29, "currency": "EUR", "promo_type": "APP-PREIS", "compare_price": "1kg = 12,58", "uvp": "8.99", "discount_pct": 30, "valid_from": "2025-11-13", "valid_to": "2025-11-15", "special_validity": null, "notes": "*Nur in teilnehmenden Märkten verfügbar., n. G.= niedrigster Gesamtpreis der letzten 30 Tage"}
{"supermarket": "EDEKA", "brand": "Lavazza", "product_name": "Espresso oder Caffè Crema", "variant": "ganze Bohne, ideal für Kaffeevollautomaten, versch. Sorten", "pack_size": "1", "unit": "kg", "pack_count": null, "price": 14.99, "currency": "EUR", "promo_type": "TOP-PREIS", "compare_price": null, "uvp": "20.99", "discount_pct": null, "valid_from": "2025-11-13", "valid_to": "2025-11-15", "special_validity": null, "notes": "**versch. Sorten, n. G.= niedrigster Gesamtpreis der letzten 30 Tage"}
{"supermarket": "EDEKA", "brand": "Lorenz Crunchips Stackers", "product_name": "Crunchips Stackers", "variant": "versch. Sorten", "pack_size": "175", "unit": "g", "pack_count": null, "price": 1.99, "currency": "EUR", "promo_type": "TOP-PREIS", "compare_price": "1kg = 11,37", "uvp": "2.29", "discount_pct": null, "valid_from": "2025-11-13", "valid_to": "2025-11-15", "special_validity": null, "notes": "n. G.= niedrigster Gesamtpreis der letzten 30 Tage"}
{"supermarket": "EDEKA", "brand": "Nippon", "product_name": "Häppchen", "variant": "mit Schokolade überzogen, versch. Sorten", "pack_size": "200", "unit": "g", "pack_count": null, "price": 1.79, "currency": "EUR", "promo_type": "TOP-PREIS", "compare_price": "1kg = 8,95", "uvp": "2.69", "discount_pct": null, "valid_from": "2025-11-13", "valid_to": "2025-11-15", "special_validity": null, "notes": "n. G.= niedrigster Gesamtpreis der letzten 30 Tage"}
{"supermarket": "EDEKA", "brand": "EDEKA Herzstücke", "product_name": "Kaffee", "variant": "ganze Bohne, versch. Sorten", "pack_size": "850", "unit": "g", "pack_count": null, "price": 12.99, "currency": "EUR", "promo_type": "TOP-PREIS", "compare_price": "1kg = 15,28/12,99", "uvp": "16.99", "discount_pct": null, "valid_from": "2025-11-13", "valid_to": "2025-11-15", "special_validity": null, "notes": "n. G.= niedrigster Gesamtpreis der letzten 30 Tage"}
{"supermarket": "EDEKA", "brand": "Emsa SAMBA", "product_name": "Isokanne", "variant": "Einhandbedienung dank Quick-Press-Technik, mit hochwertigem Isolierkolben aus mundgeblasenem Glas, 1l Volumen, versch. Farben", "pack_size": "1", "unit": "l", "pack_count": null, "price": 6.99, "currency": "EUR", "promo_type": "TOP-PREIS", "compare_price": null, "uvp": "12.99", "discount_pct": null, "valid_from": "2025-11-13", "valid_to": "2025-11-15", "special_validity": null, "notes": "n. G.= niedrigster Gesamtpreis der letzten 30 Tage"}
{"supermarket": "EDEKA", "brand": "funny-frisch", "product_name": "Chipsfrisch oder Pom-Bär Multipack", "variant": "4er-Knabbersnack, versch. Sorten", "pack_size": "120/160", "unit": "g", "pack_count": 4, "price": 1.99, "currency": "EUR", "promo_type": "TOP-PREIS", "compare_price": "1kg = 16,58/12,44", "uvp": "2.79", "discount_pct": null, "valid_from": "2025-11-13", "valid_to": "2025-11-15", "special_validity": null, "notes": "n. G.= niedrigster Gesamtpreis der letzten 30 Tage"}
{"supermarket": "EDEKA", "brand": "Coppenrath", "product_name": "Hausgebäck", "variant": "versch. Sorten", "pack_size": "200", "unit": "g", "pack_count": null, "price": 1.11, "currency": "EUR", "promo_type": "TOP-PREIS", "compare_price": "1kg = 5,55", "uvp": "1.99", "discount_pct": null, "valid_from": "2025-11-13", "valid_to": "2025-11-15", "special_validity": null, "notes": "n. G.= niedrigster Gesamtpreis der letzten 30 Tage"}
{"supermarket": "EDEKA", "brand": "Nescafé Gold", "product_name": "löslicher Kaffee", "variant": "versch. Sorten", "pack_size": "190/200", "unit": "g", "pack_count": null, "price": 7.49, "currency": "EUR", "promo_type": "TOP-PREIS", "compare_price": "1kg = 39,42/37,45", "uvp": "11.99", "discount_pct": null, "valid_from": "2025-11-13", "valid_to": "2025-11-15", "special_validity": null, "notes": "n. G.= niedrigster Gesamtpreis der letzten 30 Tage"}
{"supermarket": "EDEKA", "brand": "Dallmayr", "product_name": "Kaffeepads", "variant": "versch. Sorten", "pack_size": "112/124", "unit": "g", "pack_count": null, "price": 1.99, "currency": "EUR", "promo_type": "TOP-PREIS", "compare_price": "1kg = 17,77/16,05", "uvp": "2.99", "discount_pct": null, "valid_from": "2025-11-13", "valid_to": "2025-11-15", "special_validity": null, "notes": "n. G.= niedrigster Gesamtpreis der letzten 30 Tage"}
{"supermarket": "EDEKA", "brand": "Harry", "product_name": "Brot", "variant": "in Scheiben, versch. Sorten", "pack_size": "400/500", "unit": "g", "pack_count": null, "price": 1.29, "currency": "EUR", "promo_type": "TOP-PREIS", "compare_price": "1kg = 3,23/2,58", "uvp": "1.99", "discount_pct": null, "valid_from": "2025-11-13", "valid_to": "2025-11-15", "special_validity": null, "notes": "*nur in teilnehmenden Märkten, n. G.= niedrigster Gesamtpreis der letzten 30 Tage"}
{"supermarket": "EDEKA", "brand": "Schär", "product_name": "Meisterbäckers-Brot", "variant": "in Scheiben, versch. Sorten", "pack_size": "330/350", "unit": "g", "pack_count": null, "price": 3.25, "currency": "EUR", "promo_type": "50 Extra Punkte", "compare_price": "1kg = 9,85/9,29", "uvp": "3.25", "discount_pct": null, "valid_from": "2025-11-13", "valid_to": "2025-11-15", "special_validity": null, "notes": "50 Extra Punkte = € 0.50 PAYBACK, n. G.= niedrigster Gesamtpreis der letzten 30 Tage"}
{"supermarket": "EDEKA", "brand": "Harry", "product_name": "Sandwich", "variant": "versch. Sorten", "pack_size": "750", "unit": "g", "pack_count": null, "price": 1.49, "currency": "EUR", "promo_type": "TOP-PREIS", "compare_price": "1kg = 1,99", "uvp": "2.49", "discount_pct": null, "valid_from": "2025-11-13", "valid_to": "2025-11-15", "special_validity": null, "notes": "*nur in teilnehmenden Märkten, n. G.= niedrigster Gesamtpreis der letzten 30 Tage"}
{"supermarket": "EDEKA", "brand": "Meßmer", "product_name": "Tee", "variant": "23/25 Aufgussbeutel, versch. Sorten", "pack_size": "23/25", "unit": "Aufgussbeutel", "pack_count": null, "price": 1.59, "currency": "EUR", "promo_type": "TOP-PREIS", "compare_price": null, "uvp": "2.35", "discount_pct": null, "valid_from": "2025-11-13", "valid_to": "2025-11-15", "special_validity": null, "notes": "n. G.= niedrigster Gesamtpreis der letzten 30 Tage"}
{"supermarket": "EDEKA", "brand": "Havana Club", "product_name": "Rum", "variant": "versch. Sorten", "pack_size": "0.7", "unit": "l", "pack_count": null, "price": 10.99, "currency": "EUR", "promo_type": "TOP-PREIS", "compare_price": "1l = 15,70", "uvp": "14.99", "discount_pct": null, "valid_from": "2025-11-13", "valid_to": "2025-11-15", "special_validity": null, "notes": "n. G.= niedrigster Gesamtpreis der letzten 30 Tage"}
{"supermarket": "EDEKA", "brand": "Hasseröder", "product_name": "Bier", "variant": "versch. Sorten", "pack_size": "24x0,33l/20x0,5l", "unit": "Flasche", "pack_count": null, "price": 8.49, "currency": "EUR", "promo_type": "TOP-PREIS", "compare_price": "1l = 1,07/0,85", "uvp": "16.99", "discount_pct": null, "valid_from": "2025-11-13", "valid_to": "2025-11-15", "special_validity": null, "notes": "+ 3,42/3,10 Pfand, je nach Verfügbarkeit im Markt, n. G.= niedrigster Gesamtpreis der letzten 30 Tage"}
{"supermarket": "EDEKA", "brand": "Osborne Veterano", "product_name": "Veterano", "variant": "30% Vol.", "pack_size": "1", "unit": "l", "pack_count": null, "price": 9.99, "currency": "EUR", "promo_type": "TOP-PREIS", "compare_price": null, "uvp": "17.99", "discount_pct": null, "valid_from": "2025-11-13", "valid_to": "2025-11-15", "special_validity": null, "notes": "Sondergröße 1 Liter = 42% mehr Inhalt. Nur solange der Vorrat reicht., n. G.= niedrigster Gesamtpreis der letzten 30 Tage"}
{"supermarket": "EDEKA", "brand": "Johnnie Walker Red Label", "product_name": "Scotch Whisky", "variant": "40% Vol.", "pack_size": "0.7", "unit": "l", "pack_count": null, "price": 10.99, "currency": "EUR", "promo_type": "TOP-PREIS", "compare_price": "1l = 15,70", "uvp": "15.99", "discount_pct": null, "valid_from": "2025-11-13", "valid_to": "2025-11-15", "special_validity": null, "notes": "n. G.= niedrigster Gesamtpreis der letzten 30 Tage"}
{"supermarket": "EDEKA", "brand": "Johnnie Walker Red Label", "product_name": "Scotch Whisky", "variant": "40% Vol.", "pack_size": "0.7", "unit": "l", "pack_count": null, "price": 9.99, "currency": "EUR", "promo_type": "APP-PREIS", "compare_price": "1l = 14,27", "uvp": "15.99", "discount_pct": 37, "valid_from": "2025-11-13", "valid_to": "2025-11-15", "special_validity": null, "notes": "*Nur in teilnehmenden Märkten verfügbar., n. G.= niedrigster Gesamtpreis der letzten 30 Tage"}
{"supermarket": "EDEKA", "brand": "Cointreau", "product_name": "französischer Orangenlikör", "variant": "40% Vol.", "pack_size": "0.7", "unit": "l", "pack_count": null, "price": 14.99, "currency": "EUR", "promo_type": "TOP-PREIS", "compare_price": "1l = 21,41", "uvp": "22.99", "discount_pct": null, "valid_from": "2025-11-13", "valid_to": "2025-11-15", "special_validity": null, "notes": "n. G.= niedrigster Gesamtpreis der letzten 30 Tage"}
{"supermarket": "EDEKA", "brand": "Ratskrone", "product_name": "Pilsener oder Radler naturtrüb", "variant": null, "pack_size": "0.5", "unit": "l", "pack_count": null, "price": 0.55, "currency": "EUR", "promo_type": "20 Extra Punkte", "compare_price": "1l = 1,10", "uvp": "0.55", "discount_pct": null, "valid_from": "2025-11-13", "valid_to": "2025-11-15", "special_validity": null, "notes": "+ 0,25 Pfand, 20 Extra Punkte = € 0.20 PAYBACK, n. G.= niedrigster Gesamtpreis der letzten 30 Tage"}
{"supermarket": "EDEKA", "brand": "Jever", "product_name": "Pilsener", "variant": "versch. Sorten", "pack_size": "24x0,33l/20x0,5l", "unit": "Flasche", "pack_count": null, "price": 16.99, "currency": "EUR", "promo_type": null, "compare_price": "1l = 2,15/1,70", "uvp": "16.99", "discount_pct": null, "valid_from": "2025-11-13", "valid_to": "2025-11-15", "special_validity": null, "notes": "+ 3,42/3,10 Pfand, je nach Verfügbarkeit im Markt, n. G.= niedrigster Gesamtpreis der letzten 30 Tage"}
{"supermarket": "EDEKA", "brand": "Jever", "product_name": "Pilsener", "variant": "versch. Sorten", "pack_size": "24x0,33l/20x0,5l", "unit": "Flasche", "pack_count": null, "price": 11.99, "currency": "EUR", "promo_type": "APP-PREIS", "compare_price": "1l = 1,51/1,20", "uvp": "16.99", "discount_pct": 29, "valid_from": "2025-11-13", "valid_to": "2025-11-15", "special_validity": null, "notes": "*Nur in teilnehmenden Märkten verfügbar., + 3,42/3,10 Pfand, je nach Verfügbarkeit im Markt, n. G.= niedrigster Gesamtpreis der letzten 30 Tage"}
{"supermarket": "EDEKA", "brand": "Berentzen", "product_name": "Fruchtige", "variant": "versch. Sorten", "pack_size": "0.7", "unit": "l", "pack_count": null, "price": 4.99, "currency": "EUR", "promo_type": "TOP-PREIS", "compare_price": "1l = 7,13", "uvp": "7.29", "discount_pct": null, "valid_from": "2025-11-13", "valid_to": "2025-11-15", "special_validity": null, "notes": "n. G.= niedrigster Gesamtpreis der letzten 30 Tage"}
{"supermarket": "EDEKA", "brand": "Rotkäppchen", "product_name": "Secconade", "variant": "versch. Sorten", "pack_size": "0.33", "unit": "l", "pack_count": null, "price": 1.69, "currency": "EUR", "promo_type": "TOP-PREIS", "compare_price": "1l = 5,12", "uvp": "1.99", "discount_pct": null, "valid_from": "2025-11-13", "valid_to": "2025-11-15", "special_validity": null, "notes": "n. G.= niedrigster Gesamtpreis der letzten 30 Tage"}
{"supermarket": "EDEKA", "brand": "Campari", "product_name": "Aperitiv", "variant": "25% Vol.", "pack_size": "0.7", "unit": "l", "pack_count": null, "price": 11.99, "currency": "EUR", "promo_type": "TOP-PREIS", "compare_price": "1l = 17,13", "uvp": "15.99", "discount_pct": null, "valid_from": "2025-11-13", "valid_to": "2025-11-15", "special_validity": null, "notes": "n. G.= niedrigster Gesamtpreis der letzten 30 Tage"}
{"supermarket": "EDEKA", "brand": "Spaten", "product_name": "Münchner hell", "variant": "versch. Sorten", "pack_size": "20x0,5l", "unit": "Flasche", "pack_count": null, "price": 13.99, "currency": "EUR", "promo_type": "EINZELPREIS", "compare_price": "1l = 1,40", "uvp": "17.99", "discount_pct": null, "valid_from": "2025-11-13", "valid_to": "2025-11-15", "special_validity": null, "notes": "+ 3,10 Pfand, n. G.= niedrigster Gesamtpreis der letzten 30 Tage"}
{"supermarket": "EDEKA", "brand": "Spaten", "product_name": "Münchner hell", "variant": "versch. Sorten", "pack_size": "20x0,5l", "unit": "Flasche", "pack_count": null, "price": 12.99, "currency": "EUR", "promo_type": "TOP-PREIS", "compare_price": "1l = 1,30", "uvp": "17.99", "discount_pct": null, "valid_from": "2025-11-13", "valid_to": "2025-11-15", "special_validity": null, "notes": "Beim Kauf von mind. 2 Kisten, je Kiste, + 3,10 Pfand, n. G.= niedrigster Gesamtpreis der letzten 30 Tage"}
{"supermarket": "EDEKA", "brand": "Sinalco", "product_name": "Cola, Cola-Mix oder Orange Limonade", "variant": "teilweise koffeinhaltig", "pack_size": "1.25", "unit": "l", "pack_count": null, "price": 1.09, "currency": "EUR", "promo_type": "10 Extra Punkte", "compare_price": "1l = 0,63", "uvp": "1.09", "discount_pct": null, "valid_from": "2025-11-13", "valid_to": "2025-11-15", "special_validity": null, "notes": "+ 0,25 Pfand, 10 Extra Punkte = € 0.10 PAYBACK, n. G.= niedrigster Gesamtpreis der letzten 30 Tage"}
{"supermarket": "EDEKA", "brand": "Grand Sud", "product_name": "Weine", "variant": "versch. Sorten", "pack_size": "1", "unit": "l", "pack_count": null, "price": 2.99, "currency": "EUR", "promo_type": "TOP-PREIS", "compare_price": null, "uvp": "4.99", "discount_pct": null, "valid_from": "2025-11-13", "valid_to": "2025-11-15", "special_validity": null, "notes": "n. G.= niedrigster Gesamtpreis der letzten 30 Tage"}
{"supermarket": "EDEKA", "brand": "Störtebeker", "product_name": "Bier-Spezialitäten", "variant": "versch. Sorten, teilw. Bio", "pack_size": "6x0,5l", "unit": "Flasche", "pack_count": 6, "price": 6.49, "currency": "EUR", "promo_type": "TOP-PREIS, 50 Extra Punkte", "compare_price": "1l = 2,16", "uvp": "7.69", "discount_pct": null, "valid_from": "2025-11-13", "valid_to": "2025-11-15", "special_validity": null, "notes": "+ 0,48 Pfand, 50 Extra Punkte = € 0.50 PAYBACK, n. G.= niedrigster Gesamtpreis der letzten 30 Tage"}
{"supermarket": "EDEKA", "brand": "Paulaner", "product_name": "Bier", "variant": "versch. Sorten", "pack_size": "20x0,5l", "unit": "Flasche", "pack_count": null, "price": 13.99, "currency": "EUR", "promo_type": "TOP-PREIS", "compare_price": "1l = 1,40", "uvp": "19.99", "discount_pct": null, "valid_from": "2025-11-13", "valid_to": "2025-11-15", "special_validity": null, "notes": "+ 3,10 Pfand, n. G.= niedrigster Gesamtpreis der letzten 30 Tage"}
{"supermarket": "EDEKA", "brand": "Heineken", "product_name": "Bier", "variant": "versch. Sorten, auch alkoholfrei", "pack_size": "6x0,33l", "unit": "Flasche", "pack_count": null, "price": 4.99, "currency": "EUR", "promo_type": "TOP-PREIS", "compare_price": "1l = 2,52", "uvp": "5.99", "discount_pct": null, "valid_from": "2025-11-13", "valid_to": "2025-11-15", "special_validity": null, "notes": "+ 0,48 Pfand, n. G.= niedrigster Gesamtpreis der letzten 30 Tage"}
{"supermarket": "EDEKA", "brand": "Volvic", "product_name": "natürliches Mineralwasser", "variant": "naturelle", "pack_size": "1.5", "unit": "l", "pack_count": null, "price": 0.69, "currency": "EUR", "promo_type": "TOP-PREIS", "compare_price": "1l = 0,46", "uvp": "1.19", "discount_pct": null, "valid_from": "2025-11-13", "valid_to": "2025-11-15", "special_validity": null, "notes": "+ 0,25 Pfand, n. G.= niedrigster Gesamtpreis der letzten 30 Tage"}
{"supermarket": "EDEKA", "brand": "Zewa Wisch & Weg", "product_name": "Küchenrollen", "variant": "versch. Varianten", "pack_size": "2er / 4er", "unit": "Packung", "pack_count": null, "price": 2.49, "currency": "EUR", "promo_type": "TOP-PREIS", "compare_price": null, "uvp": "2.99", "discount_pct": null, "valid_from": "2025-11-13", "valid_to": "2025-11-15", "special_validity": null, "notes": "n. G.= niedrigster Gesamtpreis der letzten 30 Tage"}
{"supermarket": "EDEKA", "brand": "Regina Softis", "product_name": "Taschentücher", "variant": "100% reiner Zellstoff, versch. Sorten", "pack_size": "24er / 30er", "unit": "Packung", "pack_count": null, "price": 2.49, "currency": "EUR", "promo_type": "TOP-PREIS", "compare_price": null, "uvp": "3.49", "discount_pct": null, "valid_from": "2025-11-13", "valid_to": "2025-11-15", "special_validity": null, "notes": "n. G.= niedrigster Gesamtpreis der letzten 30 Tage"}
{"supermarket": "EDEKA", "brand": "fuze tea", "product_name": "Mix aus Tee-Extrakt und Fruchtsaftkonzentrat", "variant": "versch. Sorten", "pack_size": "1.25", "unit": "l", "pack_count": null, "price": 1.29, "currency": "EUR", "promo_type": "TOP-PREIS", "compare_price": "1l = 1,03", "uvp": "1.69", "discount_pct": null, "valid_from": "2025-11-13", "valid_to": "2025-11-15", "special_validity": null, "notes": "+ 0,25 Pfand, n. G.= niedrigster Gesamtpreis der letzten 30 Tage"}
{"supermarket": "EDEKA", "brand": "Albi", "product_name": "Fruchtsäfte und Nektare", "variant": "versch. Sorten", "pack_size": "0.75", "unit": "l", "pack_count": null, "price": 1.29, "currency": "EUR", "promo_type": "TOP-PREIS", "compare_price": "1l = 1,72", "uvp": "1.99", "discount_pct": null, "valid_from": "2025-11-13", "valid_to": "2025-11-15", "special_validity": null, "notes": "+ 0,25 Pfand, n. G.= niedrigster Gesamtpreis der letzten 30 Tage"}
{"supermarket": "EDEKA", "brand": "Albi", "product_name": "Fruchtsäfte und Nektare", "variant": "versch. Sorten", "pack_size": "0.75", "unit": "l", "pack_count": null, "price": 1.11, "currency": "EUR", "promo_type": "APP-PREIS", "compare_price": "1l = 1,48", "uvp": "1.99", "discount_pct": 44, "valid_from": "2025-11-13", "valid_to": "2025-11-15", "special_validity": null, "notes": "*Nur in teilnehmenden Märkten verfügbar., + 0,25 Pfand, n. G.= niedrigster Gesamtpreis der letzten 30 Tage"}
{"supermarket": "EDEKA", "brand": "Odol-med3", "product_name": "Zahncreme", "variant": "versch. Varianten", "pack_size": "75/125", "unit": "ml", "pack_count": null, "price": 1.39, "currency": "EUR", "promo_type": "TOP-PREIS", "compare_price": "1l = 18,53/11,12", "uvp": "1.79", "discount_pct": null, "valid_from": "2025-11-13", "valid_to": "2025-11-15", "special_validity": null, "notes": "n. G.= niedrigster Gesamtpreis der letzten 30 Tage"}
{"supermarket": "EDEKA", "brand": "Henkel Perwoll", "product_name": "Feinwaschmittel", "variant": "versch. Varianten", "pack_size": "19/27", "unit": "Waschanwendungen", "pack_count": null, "price": 4.99, "currency": "EUR", "promo_type": "TOP-PREIS", "compare_price": "1WA = 0,26/0,18", "uvp": "6.75", "discount_pct": null, "valid_from": "2025-11-13", "valid_to": "2025-11-15", "special_validity": null, "notes": "n. G.= niedrigster Gesamtpreis der letzten 30 Tage"}
{"supermarket": "EDEKA", "brand": "Pepsi", "product_name": "Erfrischungsgetränk", "variant": "koffeinhaltig, versch. Sorten", "pack_size": "0.33", "unit": "l", "pack_count": null, "price": 0.69, "currency": "EUR", "promo_type": "TOP-PREIS", "compare_price": "1l = 2,09", "uvp": "0.89", "discount_pct": null, "valid_from": "2025-11-13", "valid_to": "2025-11-15", "special_validity": null, "notes": "**versch. Sorten, + 0,25 Pfand, n. G.= niedrigster Gesamtpreis der letzten 30 Tage"}
{"supermarket": "EDEKA", "brand": "Booster", "product_name": "Energy-Drink", "variant": "taurin- und koffeinhaltig, versch. Sorten", "pack_size": "0.33", "unit": "l", "pack_count": null, "price": 0.69, "currency": "EUR", "promo_type": "TOP-PREIS", "compare_price": "1l = 2,09", "uvp": "0.89", "discount_pct": null, "valid_from": "2025-11-13", "valid_to": "2025-11-15", "special_validity": null, "notes": "+ 0,25 Pfand, n. G.= niedrigster Gesamtpreis der letzten 30 Tage"}
{"supermarket": "EDEKA", "brand": "Nestlé PURINA ONE", "product_name": "Alleinfuttermittel für ausgewachsene Katzen", "variant": "versch. Sorten", "pack_size": "750", "unit": "g", "pack_count": null, "price": 2.99, "currency": "EUR", "promo_type": "TOP-PREIS", "compare_price": "1kg = 3,99", "uvp": "3.95", "discount_pct": null, "valid_from": "2025-11-13", "valid_to": "2025-11-15", "special_validity": null, "notes": "n. G.= niedrigster Gesamtpreis der letzten 30 Tage"}
{"supermarket": "EDEKA", "brand": "Vitakraft Poésie", "product_name": "Nassfutter für ausgewachsene Katzen", "variant": "versch. Sorten", "pack_size": "12x85g", "unit": "Multipack", "pack_count": 12, "price": 3.99, "currency": "EUR", "promo_type": "TOP-PREIS", "compare_price": "1kg = 3,91", "uvp": "4.79", "discount_pct": null, "valid_from": "2025-11-13", "valid_to": "2025-11-15", "special_validity": null, "notes": "n. G.= niedrigster Gesamtpreis der letzten 30 Tage"}
{"supermarket": "EDEKA", "brand": "Vitakraft Poésie", "product_name": "Nassfutter für ausgewachsene Katzen", "variant": "versch. Sorten", "pack_size": "12x85g", "unit": "Multipack", "pack_count": 12, "price": 3.49, "currency": "EUR", "promo_type": "APP-PREIS", "compare_price": "1kg = 3,42", "uvp": "4.79", "discount_pct": 27, "valid_from": "2025-11-13", "valid_to": "2025-11-15", "special_validity": null, "notes": "*Nur in teilnehmenden Märkten verfügbar., n. G.= niedrigster Gesamtpreis der letzten 30 Tage"}
{"supermarket": "EDEKA", "brand": "Beck's", "product_name": "Bier", "variant": "versch. Sorten", "pack_size": "0.5", "unit": "l", "pack_count": null, "price": 0.79, "currency": "EUR", "promo_type": "TOP-PREIS", "compare_price": "1l = 1,58", "uvp": "1.09", "discount_pct": null, "valid_from": "2025-11-13", "valid_to": "2025-11-15", "special_validity": null, "notes": "+ 0,25 Pfand, n. G.= niedrigster Gesamtpreis der letzten 30 Tage"}
{"supermarket": "EDEKA", "brand": "San Pellegrino", "product_name": "Mineralwasser", "variant": "ital.", "pack_size": "6x1l", "unit": "Flasche", "pack_count": 6, "price": 4.99, "currency": "EUR", "promo_type": "TOP-PREIS", "compare_price": "1l = 0,83", "uvp": "6.99", "discount_pct": null, "valid_from": "2025-11-13", "valid_to": "2025-11-15", "special_validity": null, "notes": "+ 2,40 Pfand, n. G.= niedrigster Gesamtpreis der letzten 30 Tage"}
{"supermarket": "EDEKA", "brand": "Nivea", "product_name": "Duschgel", "variant": "versch. Varianten", "pack_size": "250", "unit": "ml", "pack_count": null, "price": 1.99, "currency": "EUR", "promo_type": "TOP-PREIS", "compare_price": "1l = 7,96", "uvp": "2.15", "discount_pct": null, "valid_from": "2025-11-13", "valid_to": "2025-11-15", "special_validity": null, "notes": "n. G.= niedrigster Gesamtpreis der letzten 30 Tage"}
{"supermarket": "EDEKA", "brand": "Fa", "product_name": "Deo", "variant": "versch. Varianten", "pack_size": "50/150", "unit": "ml", "pack_count": null, "price": 1.29, "currency": "EUR", "promo_type": "TOP-PREIS, 30 Extra Punkte", "compare_price": "1l = 25,80/8,60", "uvp": "1.55", "discount_pct": null, "valid_from": "2025-11-13", "valid_to": "2025-11-15", "special_validity": null, "notes": "30 Extra Punkte = € 0.30 PAYBACK, n. G.= niedrigster Gesamtpreis der letzten 30 Tage"}
{"supermarket": "EDEKA", "brand": "Hidrofugal", "product_name": "Deo", "variant": "versch. Varianten", "pack_size": "50/150", "unit": "ml", "pack_count": null, "price": 3.75, "currency": "EUR", "promo_type": "20 Extra Punkte", "compare_price": "1l = 75,00/25,00", "uvp": "3.75", "discount_pct": null, "valid_from": "2025-11-13", "valid_to": "2025-11-15", "special_validity": null, "notes": "20 Extra Punkte = € 0.20 PAYBACK, n. G.= niedrigster Gesamtpreis der letzten 30 Tage"}
{"supermarket": "EDEKA", "brand": "Bauerngut", "product_name": "Bockwurst", "variant": "in versch. Geschmacksvarianten, knackfrisch und lecker", "pack_size": "100", "unit": "g", "pack_count": null, "price": 0.99, "currency": "EUR", "promo_type": "WOCHENEND KNÜLLER", "compare_price": null, "uvp": "1.39", "discount_pct": 28, "valid_from": "2025-11-13", "valid_to": "2025-11-15", "special_validity": "Gültig von Donnerstag, 13.11. bis Samstag, 15.11. 2025", "notes": "An Ihrer Bedientheke, n. G.= niedrigster Gesamtpreis der letzten 30 Tage"}
{"supermarket": "EDEKA", "brand": "Alma", "product_name": "Vorarlberger Bergkäse", "variant": "österr. Hartkäse, 6 Monate gereift, 45% Fett i. Tr.", "pack_size": "100", "unit": "g", "pack_count": null, "price": 1.69, "currency": "EUR", "promo_type": "WOCHENEND KNÜLLER", "compare_price": "1kg = 16,90", "uvp": "2.99", "discount_pct": 43, "valid_from": "2025-11-13", "valid_to": "2025-11-15", "special_validity": "Gültig von Donnerstag, 13.11. bis Samstag, 15.11. 2025", "notes": "An Ihrer Bedientheke, n. G.= niedrigster Gesamtpreis der letzten 30 Tage"}
{"supermarket": "EDEKA", "brand": "Bauerngut", "product_name": "Krustenbraten", "variant": "aus dem zarten Schweinerücken geschnitten, frisch oder mild gepökelt, mit schmackhafter Kruste", "pack_size": "1", "unit": "kg", "pack_count": null, "price": 6.99, "currency": "EUR", "promo_type": "WOCHENEND KNÜLLER", "compare_price": null, "uvp": "9.99", "discount_pct": 30, "valid_from": "2025-11-13", "valid_to": "2025-11-15", "special_validity": "Gültig von Donnerstag, 13.11. bis Samstag, 15.11. 2025", "notes": "An Ihrer Bedientheke, n. G.= niedrigster Gesamtpreis der letzten 30 Tage"}
{"supermarket": "EDEKA", "brand": null, "product_name": "Fischspieß Zucchini", "variant": "versch. Fischfilets herzhaft mariniert, ideal zum Braten, Backen oder Grillen", "pack_size": "100", "unit": "g", "pack_count": null, "price": 1.79, "currency": "EUR", "promo_type": "WOCHENEND KNÜLLER", "compare_price": "1kg = 17,90", "uvp": "2.29", "discount_pct": 21, "valid_from": "2025-11-13", "valid_to": "2025-11-15", "special_validity": "Gültig von Donnerstag, 13.11. bis Samstag, 15.11. 2025", "notes": "An Ihrer Bedientheke für Fisch, n. G.= niedrigster Gesamtpreis der letzten 30 Tage"}
{"supermarket": "EDEKA", "brand": "GUT&GÜNSTIG", "product_name": "Buttercroissant", "variant": "feinblättriges, luftig-lockeres Butterhefegebäck", "pack_size": null, "unit": "Stück", "pack_count": null, "price": 0.49, "currency": "EUR", "promo_type": "WOCHENEND KNÜLLER", "compare_price": null, "uvp": "0.49", "discount_pct": null, "valid_from": "2025-11-13", "valid_to": "2025-11-15", "special_validity": "Gültig von Donnerstag, 13.11. bis Samstag, 15.11. 2025", "notes": "Aus Ihrer SB-Marktbäckerei, n. G.= niedrigster Gesamtpreis der letzten 30 Tage"}
{"supermarket": "EDEKA", "brand": "GUT&GÜNSTIG", "product_name": "Buttercroissant", "variant": "feinblättriges, luftig-lockeres Butterhefegebäck", "pack_size": null, "unit": "Stück", "pack_count": 3, "price": 0.33, "currency": "EUR", "promo_type": "KAUF 3 - ZAHL 2, WOCHENEND KNÜLLER", "compare_price": null, "uvp": "0.49", "discount_pct": 33, "valid_from": "2025-11-13", "valid_to": "2025-11-15", "special_validity": "Gültig von Donnerstag, 13.11. bis Samstag, 15.11. 2025", "notes": "Aus Ihrer SB-Marktbäckerei, beim Kauf von 3 Stück, n. G.= niedrigster Gesamtpreis der letzten 30 Tage"}
{"supermarket": "EDEKA", "brand": "Schäfer's", "product_name": "Schlesischer Butter-Streuselkuchen", "variant": "lockerer Butterhefeteig mit einer feinen Schicht aus Puddingcreme und knusprigen Butterstreuseln", "pack_size": null, "unit": "Familienstück", "pack_count": null, "price": 3.10, "currency": "EUR", "promo_type": "WOCHENEND KNÜLLER", "compare_price": null, "uvp": "3.95", "discount_pct": 21, "valid_from": "2025-11-13", "valid_to": "2025-11-15", "special_validity": "Gültig von Donnerstag, 13.11. bis Samstag, 15.11. 2025", "notes": "An Ihrer Bedientheke, n. G.= niedrigster Gesamtpreis der letzten 30 Tage"}
{"supermarket": "EDEKA", "brand": null, "product_name": "Rosen mit Eukalyptus", "variant": "versch. Farben, 8 Stiele, ca. 50cm lang", "pack_size": null, "unit": "Strauß", "pack_count": null, "price": 4.99, "currency": "EUR", "promo_type": "WOCHENEND KNÜLLER", "compare_price": null, "uvp": null, "discount_pct": null, "valid_from": "2025-11-13", "valid_to": "2025-11-15", "special_validity": "Gültig von Donnerstag, 13.11. bis Samstag, 15.11. 2025", "notes": null}
{"supermarket": "EDEKA", "brand": null, "product_name": "Clementinen oder Orangen", "variant": "Sorte siehe Etikett, Kl. 1", "pack_size": "1", "unit": "kg Netz", "pack_count": null, "price": 0.99, "currency": "EUR", "promo_type": "WOCHENEND KNÜLLER", "compare_price": null, "uvp": "1.49", "discount_pct": 33, "valid_from": "2025-11-13", "valid_to": "2025-11-15", "special_validity": "Gültig von Donnerstag, 13.11. bis Samstag, 15.11. 2025", "notes": "n. G.= niedrigster Gesamtpreis der letzten 30 Tage"}
{"supermarket": "EDEKA", "brand": "Henglein", "product_name": "Frischer Pizzateig XXL", "variant": "auf Backpapier, schmeckt wie selbstgemacht", "pack_size": "550", "unit": "g", "pack_count": null, "price": 1.29, "currency": "EUR", "promo_type": "WOCHENEND KNÜLLER", "compare_price": "1kg = 2,35", "uvp": "2.79", "discount_pct": 53, "valid_from": "2025-11-13", "valid_to": "2025-11-15", "special_validity": "Gültig von Donnerstag, 13.11. bis Samstag, 15.11. 2025", "notes": "n. G.= niedrigster Gesamtpreis der letzten 30 Tage"}
{"supermarket": "EDEKA", "brand": "Kleiner Klopfer", "product_name": "Likör", "variant": "versch. Sorten", "pack_size": "25x0,02l", "unit": "Flasche", "pack_count": 25, "price": 6.99, "currency": "EUR", "promo_type": "WOCHENEND KNÜLLER", "compare_price": "1l = 13,98", "uvp": "10.49", "discount_pct": 33, "valid_from": "2025-11-13", "valid_to": "2025-11-15", "special_validity": "Gültig von Donnerstag, 13.11. bis Samstag, 15.11. 2025", "notes": "n. G.= niedrigster Gesamtpreis der letzten 30 Tage"}
{"supermarket": "EDEKA", "brand": "Time Out", "product_name": "Die neuen Fertiggerichte", "variant": "sorgfältig ausgewählte Zutaten, Produktion aus 100% Ökostrom, versch. Sorten", "pack_size": "400", "unit": "g", "pack_count": null, "price": 0.99, "currency": "EUR", "promo_type": "WOCHENEND KNÜLLER", "compare_price": "1kg = 2,48", "uvp": "1.59", "discount_pct": 37, "valid_from": "2025-11-13", "valid_to": "2025-11-15", "special_validity": "Gültig von Donnerstag, 13.11. bis Samstag, 15.11. 2025", "notes": "n. G.= niedrigster Gesamtpreis der letzten 30 Tage"}
{"supermarket": "EDEKA", "brand": "EDEKA Bio", "product_name": "Dinkelkrusti, Roggen-, Vollkorn- oder Baguettebrötchen", "variant": "zum Fertigbacken", "pack_size": "400/420/425", "unit": "g", "pack_count": null, "price": 1.49, "currency": "EUR", "promo_type": "WOCHENEND KNÜLLER", "compare_price": "1kg = 3,73/3,55/3,51", "uvp": "2.49", "discount_pct": 40, "valid_from": "2025-11-13", "valid_to": "2025-11-15", "special_validity": "Gültig von Donnerstag, 13.11. bis Samstag, 15.11. 2025", "notes": "n. G.= niedrigster Gesamtpreis der letzten 30 Tage"}
{"supermarket": "EDEKA", "brand": "Hakle Traumweich", "product_name": "Toilettenpapier", "variant": "4-lagig", "pack_size": "8x130", "unit": "Blatt", "pack_count": 8, "price": 2.99, "currency": "EUR", "promo_type": "WOCHENEND KNÜLLER", "compare_price": null, "uvp": "3.99", "discount_pct": 25, "valid_from": "2025-11-13", "valid_to": "2025-11-15", "special_validity": "Gültig von Donnerstag, 13.11. bis Samstag, 15.11. 2025", "notes": "n. G.= niedrigster Gesamtpreis der letzten 30 Tage"}
{"supermarket": "EDEKA", "brand": "Dr. Oetker Paula", "product_name": "Puddingdessert oder Snack", "variant": "versch. Sorten", "pack_size": "112/400/500", "unit": "g", "pack_count": null, "price": 1.49, "currency": "EUR", "promo_type": "WOCHENEND KNÜLLER", "compare_price": "1kg = 13,30/3,73/2,98", "uvp": "2.29", "discount_pct": 34, "valid_from": "2025-11-13", "valid_to": "2025-11-15", "special_validity": "Gültig von Donnerstag, 13.11. bis Samstag, 15.11. 2025", "notes": "n. G.= niedrigster Gesamtpreis der letzten 30 Tage"}
{"supermarket": "EDEKA", "brand": "Wiesenhof", "product_name": "Geflügel-Fleischwurst", "variant": "versch. Sorten", "pack_size": "350/400", "unit": "g", "pack_count": null, "price": 1.99, "currency": "EUR", "promo_type": "WOCHENEND KNÜLLER", "compare_price": "1kg = 5,69/4,98", "uvp": "3.69", "discount_pct": 46, "valid_from": "2025-11-13", "valid_to": "2025-11-15", "special_validity": "Gültig von Donnerstag, 13.11. bis Samstag, 15.11. 2025", "notes": "n. G.= niedrigster Gesamtpreis der letzten 30 Tage"}
{"supermarket": "EDEKA", "brand": "Deit", "product_name": "kalorienarme Erfrischungsgetränke", "variant": "versch. Sorten", "pack_size": "12x1l", "unit": "Flasche", "pack_count": 12, "price": 8.79, "currency": "EUR", "promo_type": "WOCHENEND KNÜLLER", "compare_price": "1l = 0,73", "uvp": "11.99", "discount_pct": 29, "valid_from": "2025-11-13", "valid_to": "2025-11-15", "special_validity": "Gültig von Donnerstag, 13.11. bis Samstag, 15.11. 2025", "notes": "+ 3,30 Pfand, n. G.= niedrigster Gesamtpreis der letzten 30 Tage"}
{"supermarket": "EDEKA", "brand": "tiptoi", "product_name": "Der Stift LITE", "variant": null, "pack_size": null, "unit": null, "pack_count": null, "price": 22.99, "currency": "EUR", "promo_type": null, "compare_price": null, "uvp": "44.99", "discount_pct": 48, "valid_from": "2025-11-13", "valid_to": "2026-02-07", "special_validity": null, "notes": "Mit 20 Treuepunkten, n. G.= 22,99 \u20ac"}
{"supermarket": "EDEKA", "brand": "tiptoi", "product_name": "Heute gehen wir einkaufen", "variant": null, "pack_size": null, "unit": null, "pack_count": null, "price": 9.99, "currency": "EUR", "promo_type": null, "compare_price": null, "uvp": "19.99", "discount_pct": 50, "valid_from": "2025-11-13", "valid_to": "2026-02-07", "special_validity": null, "notes": "Mit 20 Treuepunkten, n. G.= 9,99 \u20ac"}
{"supermarket": "EDEKA", "brand": "GraviTrax", "product_name": "Action-Set Focus", "variant": null, "pack_size": null, "unit": null, "pack_count": null, "price": 16.49, "currency": "EUR", "promo_type": null, "compare_price": null, "uvp": "32.99", "discount_pct": 50, "valid_from": "2025-11-13", "valid_to": "2026-02-07", "special_validity": null, "notes": "Mit 20 Treuepunkten, n. G.= 16,49 \u20ac"}
{"supermarket": "EDEKA", "brand": "GraviTrax Junior", "product_name": "Starter-Set Jungle", "variant": null, "pack_size": null, "unit": null, "pack_count": null, "price": 24.99, "currency": "EUR", "promo_type": null, "compare_price": null, "uvp": "49.99", "discount_pct": 50, "valid_from": "2025-11-13", "valid_to": "2026-02-07", "special_validity": null, "notes": "Mit 20 Treuepunkten, n. G.= 24,99 \u20ac"}
{"supermarket": "EDEKA", "brand": "Ravensburger", "product_name": "3D Puzzle Lamborghini Huracán EVO - Verde", "variant": null, "pack_size": null, "unit": null, "pack_count": null, "price": 17.49, "currency": "EUR", "promo_type": null, "compare_price": null, "uvp": "34.99", "discount_pct": 50, "valid_from": "2025-11-13", "valid_to": "2026-02-07", "special_validity": null, "notes": "Mit 20 Treuepunkten, n. G.= 17,49 \u20ac"}
{"supermarket": "EDEKA", "brand": "Ravensburger", "product_name": "Tempo, kleine Schnecke!", "variant": null, "pack_size": null, "unit": null, "pack_count": null, "price": 14.99, "currency": "EUR", "promo_type": null, "compare_price": null, "uvp": "29.99", "discount_pct": 50, "valid_from": "2025-11-13", "valid_to": "2026-02-07", "special_validity": null, "notes": "Mit 20 Treuepunkten, n. G.= 14,99 \u20ac"}
{"supermarket": "EDEKA", "brand": "Ravensburger", "product_name": "memory\u00ae Tierkinder", "variant": null, "pack_size": null, "unit": null, "pack_count": null, "price": 8.99, "currency": "EUR", "promo_type": null, "compare_price": null, "uvp": "17.99", "discount_pct": 50, "valid_from": "2025-11-13", "valid_to": "2026-02-07", "special_validity": null, "notes": "Mit 20 Treuepunkten, n. G.= 8,99 \u20ac"}
{"supermarket": "EDEKA", "brand": "Ravensburger", "product_name": "Lotti Karotti", "variant": null, "pack_size": null, "unit": null, "pack_count": null, "price": 14.99, "currency": "EUR", "promo_type": null, "compare_price": null, "uvp": "29.99", "discount_pct": 50, "valid_from": "2025-11-13", "valid_to": "2026-02-07", "special_validity": null, "notes": "Mit 20 Treuepunkten, n. G.= 14,99 \u20ac"}
{"supermarket": "EDEKA", "brand": "Ravensburger", "product_name": "Das verrückte Labyrinth", "variant": null, "pack_size": null, "unit": null, "pack_count": null, "price": 17.99, "currency": "EUR", "promo_type": null, "compare_price": null, "uvp": "35.99", "discount_pct": 50, "valid_from": "2025-11-13", "valid_to": "2026-02-07", "special_validity": null, "notes": "Mit 20 Treuepunkten, n. G.= 17,99 \u20ac"}
{"supermarket": "EDEKA", "brand": "Ravensburger", "product_name": "3D Puzzle-Ball Pokémon", "variant": null, "pack_size": null, "unit": null, "pack_count": null, "price": 9.49, "currency": "EUR", "promo_type": null, "compare_price": null, "uvp": "18.99", "discount_pct": 50, "valid_from": "2025-11-13", "valid_to": "2026-02-07", "special_validity": null, "notes": "Mit 20 Treuepunkten, n. G.= 9,49 \u20ac"}
{"supermarket": "EDEKA", "brand": "Ravensburger", "product_name": "Make 'n' Break", "variant": null, "pack_size": null, "unit": null, "pack_count": null, "price": 18.99, "currency": "EUR", "promo_type": null, "compare_price": null, "uvp": "37.99", "discount_pct": 50, "valid_from": "2025-11-13", "valid_to": "2026-02-07", "special_validity": null, "notes": "Mit 20 Treuepunkten, n. G.= 18,99 \u20ac"}
{"supermarket": "EDEKA", "brand": "Ravensburger", "product_name": "echoes Der Cocktail", "variant": null, "pack_size": null, "unit": null, "pack_count": null, "price": 6.49, "currency": "EUR", "promo_type": null, "compare_price": null, "uvp": "12.99", "discount_pct": 50, "valid_from": "2025-11-13", "valid_to": "2026-02-07", "special_validity": null, "notes": "Mit 20 Treuepunkten, n. G.= 6,49 \u20ac"}
{"supermarket": "EDEKA", "brand": "Ravensburger", "product_name": "XOOMY Maxi", "variant": null, "pack_size": null, "unit": null, "pack_count": null, "price": 24.99, "currency": "EUR", "promo_type": null, "compare_price": null, "uvp": "49.99", "discount_pct": 50, "valid_from": "2025-11-13", "valid_to": "2026-02-07", "special_validity": null, "notes": "Mit 20 Treuepunkten, n. G.= 24,99 \u20ac"}
{"supermarket": "EDEKA", "brand": "Ravensburger", "product_name": "Puzzle Pokémon", "variant": "4 x 100 Teile", "pack_size": "4x100", "unit": "Teile", "pack_count": 4, "price": 12.49, "currency": "EUR", "promo_type": null, "compare_price": null, "uvp": "24.99", "discount_pct": 50, "valid_from": "2025-11-13", "valid_to": "2026-02-07", "special_validity": null, "notes": "Mit 20 Treuepunkten, n. G.= 12,49 \u20ac"}
{"supermarket": "EDEKA", "brand": "Ravensburger", "product_name": "Puzzle Bergwelten", "variant": "2 x 1.000 Teile", "pack_size": "2x1000", "unit": "Teile", "pack_count": 2, "price": 13.99, "currency": "EUR", "promo_type": null, "compare_price": null, "uvp": "27.99", "discount_pct": 50, "valid_from": "2025-11-13", "valid_to": "2026-02-07", "special_validity": null, "notes": "Mit 20 Treuepunkten, n. G.= 13,99 \u20ac"}

-----

# 
```jsonl
{"supermarket": "EDEKA", "brand": "Rotkäppchen", "product_name": "Sekt oder Fruchtsecco", "variant": "versch. Sorten", "pack_size": "0.75l", "unit": "Flasche", "pack_count": null, "price": 3.29, "currency": "EUR", "promo_type": "TOP-PREIS", "compare_price": "1l = 4,39", "uvp": 4.99, "discount_pct": null, "valid_from": "2025-11-10", "valid_to": "2025-11-15", "special_validity": null, "notes": "*Nur in teilnehmenden Märkten verfügbar."}
{"supermarket": "EDEKA", "brand": "Rotkäppchen", "product_name": "Sekt oder Fruchtsecco", "variant": "versch. Sorten", "pack_size": "0.75l", "unit": "Flasche", "pack_count": null, "price": 2.99, "currency": "EUR", "promo_type": "APP-PREIS", "compare_price": "1l = 3,99", "uvp": 4.99, "discount_pct": 40, "valid_from": "2025-11-10", "valid_to": "2025-11-15", "special_validity": null, "notes": "*Nur in teilnehmenden Märkten verfügbar."}
{"supermarket": "EDEKA", "brand": "Milka", "product_name": "Schokolade", "variant": "versch. Sorten", "pack_size": "85/90g", "unit": "Tafel", "pack_count": null, "price": 1.11, "currency": "EUR", "promo_type": "TOP-PREIS", "compare_price": "1kg = 13,06/12,33", "uvp": 1.99, "discount_pct": null, "valid_from": "2025-11-10", "valid_to": "2025-11-15", "special_validity": null, "notes": "*Nur in teilnehmenden Märkten verfügbar."}
{"supermarket": "EDEKA", "brand": "Milka", "product_name": "Schokolade", "variant": "versch. Sorten", "pack_size": "85/90g", "unit": "Tafel", "pack_count": null, "price": 0.99, "currency": "EUR", "promo_type": "APP-PREIS", "compare_price": "1kg = 11,65/11,00", "uvp": 1.99, "discount_pct": 50, "valid_from": "2025-11-10", "valid_to": "2025-11-15", "special_validity": null, "notes": "*Nur in teilnehmenden Märkten verfügbar."}
{"supermarket": "EDEKA", "brand": "GUT&GÜNSTIG", "product_name": "Eisbergsalat", "variant": "Kl. I", "pack_size": null, "unit": "Stück", "pack_count": null, "price": 0.88, "currency": "EUR", "promo_type": "DIESE WOCHE: NOCH GÜNSTIGER ALS IM DISCOUNTER", "compare_price": null, "uvp": 0.99, "discount_pct": 11, "valid_from": "2025-11-10", "valid_to": "2025-11-15", "special_validity": null, "notes": null}
{"supermarket": "EDEKA", "brand": "Bauern Gut", "product_name": "Schweinenacken/-kamm", "variant": "mit Knochen, zarte und saftige Bratenstücke", "pack_size": "1", "unit": "kg", "pack_count": null, "price": 6.66, "currency": "EUR", "promo_type": "TOP-PREIS, DIESE WOCHE GÜNSTIGER ALS IM DISCOUNTER", "compare_price": null, "uvp": 9.99, "discount_pct": null, "valid_from": "2025-11-10", "valid_to": "2025-11-15", "special_validity": null, "notes": null}
{"supermarket": "EDEKA", "brand": "Maggi", "product_name": "Fix-Produkte, Herzensküche oder Würzpaste", "variant": "versch. Sorten", "pack_size": null, "unit": "Beutel", "pack_count": null, "price": 0.49, "currency": "EUR", "promo_type": "TOP-PREIS", "compare_price": null, "uvp": 1.09, "discount_pct": null, "valid_from": "2025-11-10", "valid_to": "2025-11-15", "special_validity": null, "notes": null}
{"supermarket": "EDEKA", "brand": "Meggle", "product_name": "Butter oder Streichzart", "variant": "versch. Sorten", "pack_size": "250g", "unit": "Stück/Becher", "pack_count": null, "price": 1.79, "currency": "EUR", "promo_type": "TOP-PREIS", "compare_price": "1kg = 7,16", "uvp": 3.29, "discount_pct": null, "valid_from": "2025-11-10", "valid_to": "2025-11-15", "special_validity": null, "notes": null}
{"supermarket": "EDEKA", "brand": "Dr. Oetker", "product_name": "Die Ofenfrische, La Mia Pinsa oder Pizza Tradizionale", "variant": "versch. Sorten, z.B.: Die Ofenfrische Salami 390g, Tradizionale Margherita 350g", "pack_size": "390g/350g", "unit": "Packung", "pack_count": null, "price": 2.22, "currency": "EUR", "promo_type": "TOP-PREIS", "compare_price": "1kg = 5,69/6,34", "uvp": 3.69, "discount_pct": null, "valid_from": "2025-11-10", "valid_to": "2025-11-15", "special_validity": null, "notes": "*Nur in teilnehmenden Märkten verfügbar., *** = tiefgefroren"}
{"supermarket": "EDEKA", "brand": "Dr. Oetker", "product_name": "Die Ofenfrische, La Mia Pinsa oder Pizza Tradizionale", "variant": "versch. Sorten, z.B.: Die Ofenfrische Salami 390g, Tradizionale Margherita 350g", "pack_size": "390g/350g", "unit": "Packung", "pack_count": null, "price": 1.99, "currency": "EUR", "promo_type": "APP-PREIS", "compare_price": "1kg = 5,10/5,69", "uvp": 3.69, "discount_pct": 46, "valid_from": "2025-11-10", "valid_to": "2025-11-15", "special_validity": null, "notes": "*Nur in teilnehmenden Märkten verfügbar., *** = tiefgefroren"}
{"supermarket": "EDEKA", "brand": null, "product_name": "Herbstschale", "variant": "versch. bepflanzt, ca. 25-30cm hoch", "pack_size": "19cm", "unit": "Topf", "pack_count": null, "price": 6.99, "currency": "EUR", "promo_type": null, "compare_price": null, "uvp": null, "discount_pct": null, "valid_from": "2025-11-10", "valid_to": "2025-11-15", "special_validity": null, "notes": "*Nur in teilnehmenden Märkten verfügbar."}
{"supermarket": "EDEKA", "brand": null, "product_name": "Kaki", "variant": "Sorte: Rojo Brillante, Kl. I", "pack_size": null, "unit": "Stück", "pack_count": 3, "price": 1.00, "currency": "EUR", "promo_type": "EDEKA SUPER-KNÜLLER", "compare_price": "Einzelpreis 0,49", "uvp": 1.47, "discount_pct": null, "valid_from": "2025-11-10", "valid_to": "2025-11-15", "special_validity": null, "notes": null}
{"supermarket": "EDEKA", "brand": null, "product_name": "Christrose", "variant": "ca. 20cm hoch", "pack_size": "11cm", "unit": "Topf", "pack_count": null, "price": 3.49, "currency": "EUR", "promo_type": null, "compare_price": null, "uvp": null, "discount_pct": null, "valid_from": "2025-11-10", "valid_to": "2025-11-15", "special_validity": null, "notes": "*Nur in teilnehmenden Märkten verfügbar."}
{"supermarket": "EDEKA", "brand": "GUT&GÜNSTIG", "product_name": "Kulturheidelbeeren", "variant": "Kl. I", "pack_size": "700g", "unit": "Eimer", "pack_count": null, "price": 7.99, "currency": "EUR", "promo_type": "XXL - 700G EIMER, 200 Extra Punkte = € 2.00 PAYBACK", "compare_price": "1kg = 11,41", "uvp": null, "discount_pct": null, "valid_from": "2025-11-10", "valid_to": "2025-11-15", "special_validity": null, "notes": "Price ohne PAYBACK: 7.99"}
{"supermarket": "EDEKA", "brand": "GUT&GÜNSTIG", "product_name": "Avocado „Hass\" oder Mango", "variant": "Sorte siehe Etikett, Kl. I", "pack_size": null, "unit": "Stück", "pack_count": null, "price": 0.99, "currency": "EUR", "promo_type": "GÜNSTIG, DIESE WOCHE GÜNSTIGER ALS IM DISCOUNTER", "compare_price": null, "uvp": 0.99, "discount_pct": null, "valid_from": "2025-11-10", "valid_to": "2025-11-15", "special_validity": null, "notes": "*Nur in teilnehmenden Märkten verfügbar."}
{"supermarket": "EDEKA", "brand": "GUT&GÜNSTIG", "product_name": "Avocado „Hass\" oder Mango", "variant": "Sorte siehe Etikett, Kl. I", "pack_size": null, "unit": "Stück", "pack_count": null, "price": 0.88, "currency": "EUR", "promo_type": "APP-PREIS", "compare_price": null, "uvp": 0.99, "discount_pct": 11, "valid_from": "2025-11-10", "valid_to": "2025-11-15", "special_validity": null, "notes": "*Nur in teilnehmenden Märkten verfügbar."}
{"supermarket": "EDEKA", "brand": null, "product_name": "Amaryllis", "variant": "versch. Farben, ca. 50cm lang", "pack_size": null, "unit": "Stück", "pack_count": null, "price": 1.99, "currency": "EUR", "promo_type": null, "compare_price": null, "uvp": null, "discount_pct": null, "valid_from": "2025-11-10", "valid_to": "2025-11-15", "special_validity": null, "notes": "*Nur in teilnehmenden Märkten verfügbar."}
{"supermarket": "EDEKA", "brand": "EDEKA Herzstücke", "product_name": "Tafeltrauben", "variant": "hell oder rot, kernlos, Sorte siehe Etikett, Kl. I", "pack_size": "1", "unit": "kg", "pack_count": null, "price": 3.99, "currency": "EUR", "promo_type": "TOP-PREIS", "compare_price": null, "uvp": 3.99, "discount_pct": null, "valid_from": "2025-11-10", "valid_to": "2025-11-15", "special_validity": null, "notes": null}
{"supermarket": "EDEKA", "brand": "GUT&GÜNSTIG", "product_name": "Nussknacker", "variant": "für große und kleine Nüsse", "pack_size": null, "unit": "Stück", "pack_count": null, "price": 4.99, "currency": "EUR", "promo_type": "DISCOUNTBILLIG", "compare_price": null, "uvp": null, "discount_pct": null, "valid_from": "2025-11-10", "valid_to": "2025-11-15", "special_validity": null, "notes": null}
{"supermarket": "EDEKA", "brand": "GUT&GÜNSTIG", "product_name": "Walnüsse", "variant": "Kl. I, 30mm+", "pack_size": "500g", "unit": "Beutel", "pack_count": null, "price": 2.49, "currency": "EUR", "promo_type": "DISCOUNTBILLIG", "compare_price": "1kg = 4,98", "uvp": null, "discount_pct": null, "valid_from": "2025-11-10", "valid_to": "2025-11-15", "special_validity": null, "notes": null}
{"supermarket": "EDEKA", "brand": null, "product_name": "Tafeläpfel „Red Prince\"", "variant": "Geschmack: süß, Kl. I", "pack_size": "1kg", "unit": "Kartonschale", "pack_count": null, "price": 0.99, "currency": "EUR", "promo_type": "TOP-PREIS", "compare_price": null, "uvp": 1.19, "discount_pct": null, "valid_from": "2025-11-10", "valid_to": "2025-11-15", "special_validity": null, "notes": null}
{"supermarket": "EDEKA", "brand": "GUT&GÜNSTIG", "product_name": "Mini-Pflaumentomaten", "variant": "Kl. I", "pack_size": "500g", "unit": "Schale", "pack_count": null, "price": 1.49, "currency": "EUR", "promo_type": "TOP-PREIS, DIESE WOCHE: NOCH GÜNSTIGER ALS IM DISCOUNTER", "compare_price": "1kg = 2,98", "uvp": 1.99, "discount_pct": null, "valid_from": "2025-11-10", "valid_to": "2025-11-15", "special_validity": null, "notes": "*Nur in teilnehmenden Märkten verfügbar."}
{"supermarket": "EDEKA", "brand": "GUT&GÜNSTIG", "product_name": "Mini-Pflaumentomaten", "variant": "Kl. I", "pack_size": "500g", "unit": "Schale", "pack_count": null, "price": 1.39, "currency": "EUR", "promo_type": "APP-PREIS", "compare_price": "1kg = 2,78", "uvp": 1.99, "discount_pct": 30, "valid_from": "2025-11-10", "valid_to": "2025-11-15", "special_validity": null, "notes": "*Nur in teilnehmenden Märkten verfügbar."}
{"supermarket": "EDEKA", "brand": "EDEKA Heimatliebe", "product_name": "Speisekartoffeln", "variant": "versch. Kocheigenschaften, Sorte siehe Etikett", "pack_size": "2.5kg", "unit": "Netz", "pack_count": null, "price": 1.49, "currency": "EUR", "promo_type": "TOP-PREIS", "compare_price": "1kg = 0,60", "uvp": 1.79, "discount_pct": null, "valid_from": "2025-11-10", "valid_to": "2025-11-15", "special_validity": null, "notes": null}
{"supermarket": "EDEKA", "brand": "Müller", "product_name": "Müllermilch", "variant": "versch. Sorten", "pack_size": "400ml", "unit": "DPG-Flasche", "pack_count": null, "price": 1.49, "currency": "EUR", "promo_type": "PAYBACK Joker", "compare_price": "1l = 3,73", "uvp": 1.49, "discount_pct": null, "valid_from": "2025-11-10", "valid_to": "2025-11-15", "special_validity": null, "notes": "+ 0,25 Pfand, 20 Extra Punkte = € 0.20 PAYBACK, Preis ohne PAYBACK: 1.49"}
{"supermarket": "EDEKA", "brand": "Dallmayr", "product_name": "Prodomo", "variant": "gemahlen oder ganze Bohnen, versch. Sorten", "pack_size": "500g", "unit": "Packung", "pack_count": null, "price": 10.49, "currency": "EUR", "promo_type": "PAYBACK Joker", "compare_price": "1kg = 20,98", "uvp": 10.49, "discount_pct": null, "valid_from": "2025-11-10", "valid_to": "2025-11-15", "special_validity": null, "notes": "100 Extra Punkte = € 1.00 PAYBACK, Preis ohne PAYBACK: 10.49"}
{"supermarket": "EDEKA", "brand": null, "product_name": "Lauchzwiebeln oder Radieschen", "variant": "Kl. I", "pack_size": null, "unit": "Bund", "pack_count": null, "price": 0.49, "currency": "EUR", "promo_type": "TOP-PREIS", "compare_price": null, "uvp": 0.49, "discount_pct": null, "valid_from": "2025-11-10", "valid_to": "2025-11-15", "special_validity": null, "notes": null}
{"supermarket": "EDEKA", "brand": "GUT&GÜNSTIG", "product_name": "Speisemöhren", "variant": "Kl. II", "pack_size": "2kg", "unit": "Beutel", "pack_count": null, "price": 0.89, "currency": "EUR", "promo_type": "APP-PREIS", "compare_price": "1kg = 0,45", "uvp": 1.49, "discount_pct": 40, "valid_from": "2025-11-10", "valid_to": "2025-11-15", "special_validity": null, "notes": "*Nur in teilnehmenden Märkten verfügbar., Preis ohne App: 1.49 (1kg = 0.75)"}
{"supermarket": "EDEKA", "brand": "EDEKA Herzstücke", "product_name": "White Choc & Cookie oder Crunchy-Yoghurt-Raspberry Stieleis", "variant": "Eis mit Schokoladen- oder Himbeersauce verstrudelt", "pack_size": "3x90ml = 270ml", "unit": "Packung", "pack_count": null, "price": 2.99, "currency": "EUR", "promo_type": "PAYBACK Joker", "compare_price": "1l = 11,07", "uvp": 2.99, "discount_pct": null, "valid_from": "2025-11-10", "valid_to": "2025-11-15", "special_validity": null, "notes": "40 Extra Punkte = € 0.40 PAYBACK, Preis ohne PAYBACK: 2.99"}
{"supermarket": "EDEKA", "brand": "Mönchshof", "product_name": "Bayerische Bierspezialitäten", "variant": "versch. Sorten", "pack_size": "4x0.5l", "unit": "Bügelflasche", "pack_count": null, "price": 3.99, "currency": "EUR", "promo_type": "TOP-PREIS, PAYBACK Joker", "compare_price": "1l = 2,00", "uvp": 4.29, "discount_pct": null, "valid_from": "2025-11-10", "valid_to": "2025-11-15", "special_validity": null, "notes": "+ 0,60 Pfand, 50 Extra Punkte = € 0.50 PAYBACK"}
{"supermarket": "EDEKA", "brand": "fresh &easy", "product_name": "Kochbox", "variant": "versch. Suppen", "pack_size": "1055g/953g/845g/799g", "unit": "Packung", "pack_count": null, "price": 4.44, "currency": "EUR", "promo_type": null, "compare_price": "1kg = 4,21/4,66/5,25/5,56", "uvp": null, "discount_pct": null, "valid_from": "2025-11-10", "valid_to": "2025-11-15", "special_validity": null, "notes": null}
{"supermarket": "EDEKA", "brand": "EDEKA Bio", "product_name": "Rispentomaten", "variant": "Kl. II", "pack_size": "500g", "unit": "Schale", "pack_count": null, "price": 1.99, "currency": "EUR", "promo_type": null, "compare_price": "1kg = 3,98", "uvp": 1.99, "discount_pct": null, "valid_from": "2025-11-10", "valid_to": "2025-11-15", "special_validity": null, "notes": null}
{"supermarket": "EDEKA", "brand": "Innocent", "product_name": "Immun-Shots, Smoothies oder Säfte", "variant": "aus dem Kühlregal, versch. Sorten", "pack_size": "80/250/330ml", "unit": "DPG-Flasche", "pack_count": null, "price": 2.29, "currency": "EUR", "promo_type": "PAYBACK Joker", "compare_price": "1l = 28,63/9,16/6,94", "uvp": 2.29, "discount_pct": null, "valid_from": "2025-11-10", "valid_to": "2025-11-15", "special_validity": null, "notes": "+ 0,25 Pfand, 20 Extra Punkte = € 0.20 PAYBACK, Preis ohne PAYBACK: 2.29"}
{"supermarket": "EDEKA", "brand": "Grünländer", "product_name": "dt. Schnittkäse", "variant": "in Würfeln oder Scheiben, versch. Sorten und Fettstufen", "pack_size": "120/140g", "unit": "Packung", "pack_count": null, "price": 2.69, "currency": "EUR", "promo_type": "PAYBACK Joker", "compare_price": "1kg = 22,42/19,21", "uvp": 2.69, "discount_pct": null, "valid_from": "2025-11-10", "valid_to": "2025-11-15", "special_validity": null, "notes": "40 Extra Punkte = € 0.40 PAYBACK, Preis ohne PAYBACK: 2.69"}
{"supermarket": "EDEKA", "brand": "Bauern Gut", "product_name": "Schinkeneisbein", "variant": "frisch oder gepökelt, herzhaft und lecker", "pack_size": "1", "unit": "kg", "pack_count": null, "price": 3.99, "currency": "EUR", "promo_type": "TOP-PREIS", "compare_price": null, "uvp": 5.99, "discount_pct": null, "valid_from": "2025-11-10", "valid_to": "2025-11-15", "special_validity": null, "notes": null}
{"supermarket": "EDEKA", "brand": null, "product_name": "Hähnchenbrustfilet Teilstück", "variant": "das zarteste Stück vom Hähnchen", "pack_size": "100g", "unit": null, "pack_count": null, "price": 0.99, "currency": "EUR", "promo_type": "TOP-PREIS", "compare_price": "1kg = 9,90", "uvp": 1.59, "discount_pct": null, "valid_from": "2025-11-10", "valid_to": "2025-11-15", "special_validity": null, "notes": null}
{"supermarket": "EDEKA", "brand": "GUT&GÜNSTIG", "product_name": "Hähnchenflügel", "variant": "natur oder gewürzt, knusprig vom Grill oder aus dem Backofen", "pack_size": "1", "unit": "kg", "pack_count": null, "price": 4.99, "currency": "EUR", "promo_type": "TOP-PREIS", "compare_price": null, "uvp": 6.99, "discount_pct": null, "valid_from": "2025-11-10", "valid_to": "2025-11-15", "special_validity": null, "notes": null}
{"supermarket": "EDEKA", "brand": "Bauern Gut", "product_name": "Gulasch gemischt", "variant": "aus bestem Schweine- und Rindfleisch, mager zugeschnitten", "pack_size": "1", "unit": "kg", "pack_count": null, "price": 9.99, "currency": "EUR", "promo_type": "TOP-PREIS", "compare_price": null, "uvp": 13.90, "discount_pct": null, "valid_from": "2025-11-10", "valid_to": "2025-11-15", "special_validity": null, "notes": null}
{"supermarket": "EDEKA", "brand": "GUT&GÜNSTIG", "product_name": "Hähnchen-Innenfilet", "variant": "in Streifen geschnitten, SB-verpackt", "pack_size": "400g", "unit": "Packung", "pack_count": null, "price": 3.99, "currency": "EUR", "promo_type": "TOP-PREIS", "compare_price": "1kg = 9,98", "uvp": 4.99, "discount_pct": null, "valid_from": "2025-11-10", "valid_to": "2025-11-15", "special_validity": null, "notes": null}
{"supermarket": "EDEKA", "brand": "Biofino", "product_name": "Hähnchenkeulen", "variant": "gewürzt, zartes, mageres Fleisch, ideal aus dem Backofen, SB-verpackt", "pack_size": "100g", "unit": null, "pack_count": null, "price": 1.59, "currency": "EUR", "promo_type": "BIO", "compare_price": null, "uvp": null, "discount_pct": null, "valid_from": "2025-11-10", "valid_to": "2025-11-15", "special_validity": null, "notes": null}
{"supermarket": "EDEKA", "brand": "Bauern Gut", "product_name": "Rinder-Beinscheibe", "variant": "das besondere Suppenfleisch mit dem Markknochen", "pack_size": "1", "unit": "kg", "pack_count": null, "price": 9.99, "currency": "EUR", "promo_type": "TOP-PREIS", "compare_price": null, "uvp": 12.90, "discount_pct": null, "valid_from": "2025-11-10", "valid_to": "2025-11-15", "special_validity": null, "notes": null}
{"supermarket": "EDEKA", "brand": null, "product_name": "Kasseler-nackenbraten", "variant": "vom Schwein, ohne Knochen, geräuchert und gepökelt", "pack_size": "1", "unit": "kg", "pack_count": null, "price": 7.98, "currency": "EUR", "promo_type": "TOP-PREIS", "compare_price": null, "uvp": 11.90, "discount_pct": null, "valid_from": "2025-11-10", "valid_to": "2025-11-15", "special_validity": null, "notes": null}
{"supermarket": "EDEKA", "brand": "GUT&GÜNSTIG", "product_name": "Minutensteak", "variant": "aus dem mageren Schweinerücken geschnitten, SB-verpackt", "pack_size": "400g", "unit": "Packung", "pack_count": null, "price": 3.79, "currency": "EUR", "promo_type": null, "compare_price": "1kg = 9,48", "uvp": null, "discount_pct": null, "valid_from": "2025-11-10", "valid_to": "2025-11-15", "special_validity": null, "notes": null}
{"supermarket": "EDEKA", "brand": null, "product_name": "Kohlroulade nach Hausfrauen-Art", "variant": "gefüllt mit Schweine- und Rinderhackfleisch, küchenfertig vorbereitet, SB-verpackt", "pack_size": "400g", "unit": "Packung", "pack_count": null, "price": 4.99, "currency": "EUR", "promo_type": "TOP-PREIS", "compare_price": "1kg = 12,48", "uvp": 5.99, "discount_pct": null, "valid_from": "2025-11-10", "valid_to": "2025-11-15", "special_validity": null, "notes": null}
{"supermarket": "EDEKA", "brand": "Bauern Gut", "product_name": "Entrecôte", "variant": "gereifte Markenqualität vom deutschen Jungbullen, als Braten oder als Steak geschnitten", "pack_size": "100g", "unit": null, "pack_count": null, "price": 2.59, "currency": "EUR", "promo_type": "TOP-PREIS", "compare_price": null, "uvp": 3.09, "discount_pct": null, "valid_from": "2025-11-10", "valid_to": "2025-11-15", "special_validity": "MINDESTENS 14 TAGE GEREIFT", "notes": null}
{"supermarket": "EDEKA", "brand": "Bauern Gut", "product_name": "Schweinebraten mit Zitronenpfeffer", "variant": "sanft gegart, mit einer fein-würzigen Ummantelung", "pack_size": "100g", "unit": null, "pack_count": null, "price": 1.99, "currency": "EUR", "promo_type": "TOP-PREIS", "compare_price": null, "uvp": 2.49, "discount_pct": null, "valid_from": "2025-11-10", "valid_to": "2025-11-15", "special_validity": null, "notes": null}
{"supermarket": "EDEKA", "brand": "Antje", "product_name": "Pikantje van Antje", "variant": "holl. Schnittkäse, pikant-würziger Geschmack, 48% Fett i. Tr.", "pack_size": "100g", "unit": null, "pack_count": null, "price": 0.99, "currency": "EUR", "promo_type": "TOP-PREIS, DIESE WOCHE GÜNSTIGER ALS IM DISCOUNTER", "compare_price": "1kg = 9,90", "uvp": 1.69, "discount_pct": null, "valid_from": "2025-11-10", "valid_to": "2025-11-15", "special_validity": null, "notes": null}
{"supermarket": "EDEKA", "brand": "Bauern Gut", "product_name": "Magere Rindsmettwurst", "variant": "eine wahre Spezialität", "pack_size": "100g", "unit": null, "pack_count": null, "price": 2.99, "currency": "EUR", "promo_type": "TOP-PREIS", "compare_price": null, "uvp": 3.49, "discount_pct": null, "valid_from": "2025-11-10", "valid_to": "2025-11-15", "special_validity": null, "notes": null}
{"supermarket": "EDEKA", "brand": "Citterio", "product_name": "Italienische Mortadella", "variant": "hauchdünn geschnitten", "pack_size": "100g", "unit": null, "pack_count": null, "price": 1.49, "currency": "EUR", "promo_type": "TOP-PREIS", "compare_price": null, "uvp": 1.99, "discount_pct": null, "valid_from": "2025-11-10", "valid_to": "2025-11-15", "special_validity": null, "notes": null}
{"supermarket": "EDEKA", "brand": "Freche Kuh", "product_name": "Schweizer Hartkäse", "variant": "kräftig, mind. 50% Fett i. Tr.", "pack_size": "100g", "unit": null, "pack_count": null, "price": 1.99, "currency": "EUR", "promo_type": "TOP-PREIS", "compare_price": "1kg = 19,90", "uvp": 2.99, "discount_pct": null, "valid_from": "2025-11-10", "valid_to": "2025-11-15", "special_validity": null, "notes": null}
{"supermarket": "EDEKA", "brand": "Bauern Gut", "product_name": "Leberwurst", "variant": "mit Kalbfleisch oder Gutsleberwurst, fein oder grob", "pack_size": "100g", "unit": null, "pack_count": null, "price": 0.99, "currency": "EUR", "promo_type": "TOP-PREIS", "compare_price": null, "uvp": 1.49, "discount_pct": null, "valid_from": "2025-11-10", "valid_to": "2025-11-15", "special_validity": "Dienstag", "notes": "Jeden Dienstag 20% Rabatt auf Wurst aus der Bedientheke und im Frischpack!"}
{"supermarket": "EDEKA", "brand": "Bauern Gut", "product_name": "Lachsfleisch im Buchenrauch", "variant": "goldgelb geräuchert, der extra magere Schinkengenuss", "pack_size": "100g", "unit": null, "pack_count": null, "price": 2.29, "currency": "EUR", "promo_type": "TOP-PREIS", "compare_price": null, "uvp": 2.59, "discount_pct": null, "valid_from": "2025-11-10", "valid_to": "2025-11-15", "special_validity": "Dienstag", "notes": "Jeden Dienstag 20% Rabatt auf Wurst aus der Bedientheke und im Frischpack!"}
{"supermarket": "EDEKA", "brand": "Le Grand Rustique", "product_name": "franz. Weichkäse", "variant": "sahnig, mild-würzig, 45% Fett i. Tr.", "pack_size": "100g", "unit": null, "pack_count": null, "price": 1.49, "currency": "EUR", "promo_type": "TOP-PREIS", "compare_price": "1kg = 14,90", "uvp": 2.19, "discount_pct": null, "valid_from": "2025-11-10", "valid_to": "2025-11-15", "special_validity": null, "notes": null}
{"supermarket": "EDEKA", "brand": null, "product_name": "Bunter Käsesalat", "variant": "Schnittkäse gewürfelt, mit Frühlingszwiebeln, Paprika, Mais und Kräutern", "pack_size": "100g", "unit": null, "pack_count": null, "price": 1.59, "currency": "EUR", "promo_type": "TOP-PREIS", "compare_price": "1kg = 15,90", "uvp": 1.79, "discount_pct": null, "valid_from": "2025-11-10", "valid_to": "2025-11-15", "special_validity": null, "notes": null}
{"supermarket": "EDEKA", "brand": null, "product_name": "Viktoriaseebarschfilet", "variant": "praktisch grätenfrei, ideal zum Braten, Dünsten und Grillen", "pack_size": "100g", "unit": null, "pack_count": null, "price": 1.79, "currency": "EUR", "promo_type": "TOP-PREIS", "compare_price": "1kg = 17,90", "uvp": 2.29, "discount_pct": null, "valid_from": "2025-11-10", "valid_to": "2025-11-15", "special_validity": null, "notes": null}
{"supermarket": "EDEKA", "brand": null, "product_name": "Makrele geräuchert", "variant": "goldgelb aus dem Rauch", "pack_size": "100g", "unit": null, "pack_count": null, "price": 0.99, "currency": "EUR", "promo_type": "TOP-PREIS", "compare_price": "1kg = 9,90", "uvp": 1.29, "discount_pct": null, "valid_from": "2025-11-10", "valid_to": "2025-11-15", "special_validity": null, "notes": null}
{"supermarket": "EDEKA", "brand": null, "product_name": "Garnelensalat Bollywood", "variant": "Garnelen in einer feinwürzigen indischen Sauce", "pack_size": "100g", "unit": null, "pack_count": null, "price": 3.99, "currency": "EUR", "promo_type": "TOP-PREIS", "compare_price": "1kg = 39,90", "uvp": 4.69, "discount_pct": null, "valid_from": "2025-11-10", "valid_to": "2025-11-15", "special_validity": null, "notes": "asc ZERTIFIZIERT"}
{"supermarket": "EDEKA", "brand": null, "product_name": "Berliner / Pfannkuchen", "variant": "locker-leichter Hefeteig mit verschiedenen Füllungen", "pack_size": null, "unit": null, "pack_count": 6, "price": 8.00, "currency": "EUR", "promo_type": "TOP-PREIS, Kaufen Sie 5+1 Gratis", "compare_price": null, "uvp": 9.60, "discount_pct": null, "valid_from": "2025-11-10", "valid_to": "2025-11-15", "special_validity": null, "notes": "Jetzt GRATIS-Berliner/Pfannkuchen Mehrfrucht sichern!"}
{"supermarket": "EDEKA", "brand": "Crosta & Mollica", "product_name": "Pizza", "variant": "versch. Sorten", "pack_size": "403/447g", "unit": "Packung", "pack_count": null, "price": 3.99, "currency": "EUR", "promo_type": "TOP-PREIS, PAYBACK", "compare_price": "1kg = 9,90/8,93", "uvp": 5.49, "discount_pct": null, "valid_from": "2025-11-10", "valid_to": "2025-11-15", "special_validity": null, "notes": "50 Extra Punkte = € 0.50 PAYBACK, *** = tiefgefroren"}
{"supermarket": "EDEKA", "brand": null, "product_name": "Walnuss-Kruste", "variant": "aromatisches Weizenmischbrot mit Walnüssen und Sonnenblumenkernen", "pack_size": "500g", "unit": "Laib", "pack_count": null, "price": 3.50, "currency": "EUR", "promo_type": "TOP-PREIS", "compare_price": "1kg = 7,00", "uvp": 3.95, "discount_pct": null, "valid_from": "2025-11-10", "valid_to": "2025-11-15", "special_validity": null, "notes": null}
{"supermarket": "EDEKA", "brand": "häfer's", "product_name": "Pflaumen-Lukas", "variant": "köstlich-saftige Hefegebäck-Schnecke mit Puddingcreme und Pflaumen", "pack_size": null, "unit": "Stück", "pack_count": 1, "price": 1.95, "currency": "EUR", "promo_type": "TOP-PREIS", "compare_price": null, "uvp": 2.25, "discount_pct": null, "valid_from": "2025-11-10", "valid_to": "2025-11-15", "special_validity": null, "notes": null}
{"supermarket": "EDEKA", "brand": "Costa", "product_name": "Ofenfrisch", "variant": "versch. Sorten", "pack_size": "400g", "unit": "Packung", "pack_count": null, "price": 2.99, "currency": "EUR", "promo_type": "TOP-PREIS", "compare_price": "1kg = 7,48", "uvp": 3.99, "discount_pct": null, "valid_from": "2025-11-10", "valid_to": "2025-11-15", "special_validity": null, "notes": "*** = tiefgefroren"}
{"supermarket": "EDEKA", "brand": "Iglo", "product_name": "Chicken-Fertiggerichte", "variant": "versch. Sorten", "pack_size": "230/250g", "unit": "Packung", "pack_count": null, "price": 2.99, "currency": "EUR", "promo_type": "TOP-PREIS, PAYBACK", "compare_price": "1kg = 13,00/11,96", "uvp": 3.99, "discount_pct": null, "valid_from": "2025-11-10", "valid_to": "2025-11-15", "special_validity": null, "notes": "50 Extra Punkte = € 0.50 PAYBACK, *** = tiefgefroren"}
{"supermarket": "EDEKA", "brand": null, "product_name": "Berliner / Pfannkuchen", "variant": "locker-saftiges Hefegebäck, versch. Sorten", "pack_size": null, "unit": "Stück", "pack_count": 1, "price": 0.35, "currency": "EUR", "promo_type": "TOP-PREIS", "compare_price": null, "uvp": 0.45, "discount_pct": null, "valid_from": "2025-11-10", "valid_to": "2025-11-15", "special_validity": null, "notes": null}
{"supermarket": "EDEKA", "brand": "Frosta", "product_name": "Gemüse-Mix oder Gemüse-Pfanne", "variant": "versch. Sorten", "pack_size": "480/600g", "unit": "Beutel", "pack_count": null, "price": 2.22, "currency": "EUR", "promo_type": "TOP-PREIS", "compare_price": "1kg = 4,63/3,70", "uvp": 3.69, "discount_pct": null, "valid_from": "2025-11-10", "valid_to": "2025-11-15", "special_validity": null, "notes": "*** = tiefgefroren"}
{"supermarket": "EDEKA", "brand": "Young Potato Farmers", "product_name": "Kartoffelprodukte", "variant": "versch. Sorten", "pack_size": "600g", "unit": "Beutel", "pack_count": null, "price": 1.79, "currency": "EUR", "promo_type": "TOP-PREIS", "compare_price": "1kg = 2,98", "uvp": 2.39, "discount_pct": null, "valid_from": "2025-11-10", "valid_to": "2025-11-15", "special_validity": null, "notes": "*** = tiefgefroren"}
{"supermarket": "EDEKA", "brand": null, "product_name": "Weizenmischbrot", "variant": "mildes, bekömmliches Brot mit hohem Weizenanteil", "pack_size": "1kg", "unit": "Laib", "pack_count": null, "price": 1.55, "currency": "EUR", "promo_type": "APP-PREIS", "compare_price": null, "uvp": 1.85, "discount_pct": 16, "valid_from": "2025-11-10", "valid_to": "2025-11-15", "special_validity": null, "notes": "*Nur in teilnehmenden Märkten verfügbar."}
{"supermarket": "EDEKA", "brand": null, "product_name": "Mehrkornbrötchen", "variant": "Weizenmischgebäck, rustikaler Geschmack", "pack_size": null, "unit": "Stück", "pack_count": 1, "price": 0.45, "currency": "EUR", "promo_type": null, "compare_price": null, "uvp": null, "discount_pct": null, "valid_from": "2025-11-10", "valid_to": "2025-11-15", "special_validity": null, "notes": null}
{"supermarket": "EDEKA", "brand": "Schöller Mövenpick", "product_name": "feine Eiskreationen", "variant": "versch. Sorten", "pack_size": "800/850/900ml", "unit": "Schale", "pack_count": null, "price": 1.99, "currency": "EUR", "promo_type": "TOP-PREIS", "compare_price": "1l = 2,49/2,34/2,21", "uvp": 3.99, "discount_pct": null, "valid_from": "2025-11-10", "valid_to": "2025-11-15", "special_validity": null, "notes": "*Nur in teilnehmenden Märkten verfügbar., *** = tiefgefroren"}
{"supermarket": "EDEKA", "brand": "Schöller Mövenpick", "product_name": "feine Eiskreationen", "variant": "versch. Sorten", "pack_size": "800/850/900ml", "unit": "Schale", "pack_count": null, "price": 1.69, "currency": "EUR", "promo_type": "APP-PREIS", "compare_price": "1l = 2,11/1,99/1,88", "uvp": 3.99, "discount_pct": 57, "valid_from": "2025-11-10", "valid_to": "2025-11-15", "special_validity": null, "notes": "*Nur in teilnehmenden Märkten verfügbar., *** = tiefgefroren"}
{"supermarket": "EDEKA", "brand": "Langnese Magnum", "product_name": "Bonbon", "variant": "versch. Sorten", "pack_size": "204ml", "unit": "Becher", "pack_count": 12, "price": 3.79, "currency": "EUR", "promo_type": "TOP-PREIS", "compare_price": "1l = 18,58", "uvp": 4.99, "discount_pct": null, "valid_from": "2025-11-10", "valid_to": "2025-11-15", "special_validity": null, "notes": "*** = tiefgefroren"}
{"supermarket": "EDEKA", "brand": "Bauer", "product_name": "Joghurt", "variant": "versch. Sorten und Fettstufen", "pack_size": "225/250g", "unit": "Becher", "pack_count": null, "price": 0.49, "currency": "EUR", "promo_type": "TOP-PREIS", "compare_price": "1kg = 2,18/1,96", "uvp": 0.99, "discount_pct": null, "valid_from": "2025-11-10", "valid_to": "2025-11-15", "special_validity": null, "notes": null}
{"supermarket": "EDEKA", "brand": "Hochland Almette", "product_name": "Alpenfrischkäse", "variant": "versch. Sorten und Fettstufen", "pack_size": "140/150g", "unit": "Becher", "pack_count": null, "price": 1.11, "currency": "EUR", "promo_type": "TOP-PREIS", "compare_price": "1kg = 7,93/7,40", "uvp": 1.99, "discount_pct": null, "valid_from": "2025-11-10", "valid_to": "2025-11-15", "special_validity": null, "notes": null}
{"supermarket": "EDEKA", "brand": "Bergader", "product_name": "Bavaria blu oder Almzeit", "variant": "versch. Sorten und Fettstufen", "pack_size": "175g", "unit": "Packung", "pack_count": null, "price": 1.99, "currency": "EUR", "promo_type": "TOP-PREIS", "compare_price": "1kg = 11,37", "uvp": 3.49, "discount_pct": null, "valid_from": "2025-11-10", "valid_to": "2025-11-15", "special_validity": null, "notes": null}
{"supermarket": "EDEKA", "brand": "Landliebe", "product_name": "Joghurt", "variant": "versch. Sorten", "pack_size": "500g", "unit": "Glas", "pack_count": null, "price": 1.11, "currency": "EUR", "promo_type": "TOP-PREIS", "compare_price": "1kg = 2,22", "uvp": 2.39, "discount_pct": null, "valid_from": "2025-11-10", "valid_to": "2025-11-15", "special_validity": null, "notes": "*Nur in teilnehmenden Märkten verfügbar., **ausgenommen ist die Sorte Joghurt Pur, + 0,15 Pfand"}
{"supermarket": "EDEKA", "brand": "Landliebe", "product_name": "Joghurt", "variant": "versch. Sorten", "pack_size": "500g", "unit": "Glas", "pack_count": null, "price": 0.99, "currency": "EUR", "promo_type": "APP-PREIS", "compare_price": "1kg = 1,98", "uvp": 2.39, "discount_pct": 58, "valid_from": "2025-11-10", "valid_to": "2025-11-15", "special_validity": null, "notes": "*Nur in teilnehmenden Märkten verfügbar., **ausgenommen ist die Sorte Joghurt Pur, + 0,15 Pfand"}
{"supermarket": "EDEKA", "brand": "Giovanni Ferrari", "product_name": "Parmigiano Reggiano", "variant": "32% Fett i. Tr.", "pack_size": "150g", "unit": "Packung", "pack_count": null, "price": 4.49, "currency": "EUR", "promo_type": "TOP-PREIS, PAYBACK", "compare_price": "1kg = 29,93", "uvp": 4.99, "discount_pct": null, "valid_from": "2025-11-10", "valid_to": "2025-11-15", "special_validity": null, "notes": "30 Extra Punkte = € 0,30 PAYBACK"}
{"supermarket": "EDEKA", "brand": "Rügenwalder Mühle", "product_name": "Mühlenschinken", "variant": "Kochschinken, in Scheiben, versch. Sorten", "pack_size": "100g", "unit": "Packung", "pack_count": null, "price": 1.99, "currency": "EUR", "promo_type": "TOP-PREIS", "compare_price": "1kg = 19,90", "uvp": 2.49, "discount_pct": null, "valid_from": "2025-11-10", "valid_to": "2025-11-15", "special_validity": null, "notes": null}
{"supermarket": "EDEKA", "brand": "Bergader", "product_name": "Berg-, Bergbauern- oder Heumilch-Käse", "variant": "dt. Schnittkäse, in Scheiben, versch. Sorten und Fettstufen", "pack_size": "130/140/150g", "unit": "Packung", "pack_count": null, "price": 1.79, "currency": "EUR", "promo_type": "TOP-PREIS", "compare_price": "1kg = 13,77/12,79/11,93", "uvp": 2.89, "discount_pct": null, "valid_from": "2025-11-10", "valid_to": "2025-11-15", "special_validity": null, "notes": "*Nur in teilnehmenden Märkten verfügbar."}
{"supermarket": "EDEKA", "brand": "Bergader", "product_name": "Berg-, Bergbauern- oder Heumilch-Käse", "variant": "dt. Schnittkäse, in Scheiben, versch. Sorten und Fettstufen", "pack_size": "130/140/150g", "unit": "Packung", "pack_count": null, "price": 1.59, "currency": "EUR", "promo_type": "APP-PREIS", "compare_price": "1kg = 12,23/11,36/10,60", "uvp": 2.89, "discount_pct": 44, "valid_from": "2025-11-10", "valid_to": "2025-11-15", "special_validity": null, "notes": "*Nur in teilnehmenden Märkten verfügbar."}
{"supermarket": "EDEKA", "brand": "Hilcona", "product_name": "Pasta Originale", "variant": "versch. Sorten, aus dem Kühlregal", "pack_size": "250g", "unit": "Beutel", "pack_count": null, "price": 2.79, "currency": "EUR", "promo_type": "TOP-PREIS", "compare_price": "1kg = 11,16", "uvp": 3.49, "discount_pct": null, "valid_from": "2025-11-10", "valid_to": "2025-11-15", "special_validity": null, "notes": "*Nur in teilnehmenden Märkten verfügbar."}
{"supermarket": "EDEKA", "brand": "Hilcona", "product_name": "Pasta Originale", "variant": "versch. Sorten, aus dem Kühlregal", "pack_size": "250g", "unit": "Beutel", "pack_count": null, "price": 2.49, "currency": "EUR", "promo_type": "APP-PREIS", "compare_price": "1kg = 9,96", "uvp": 3.49, "discount_pct": 28, "valid_from": "2025-11-10", "valid_to": "2025-11-15", "special_validity": null, "notes": "*Nur in teilnehmenden Märkten verfügbar."}
{"supermarket": "EDEKA", "brand": "Like", "product_name": "Schnitzel", "variant": "pflanzliche Fleischalternativen, aus Soja- oder Erbsenprotein, versch. Sorten", "pack_size": "175/180/200g", "unit": "Packung", "pack_count": null, "price": 2.99, "currency": "EUR", "promo_type": "TOP-PREIS, PAYBACK", "compare_price": "1kg = 17,09/16,61/14,95", "uvp": 3.29, "discount_pct": null, "valid_from": "2025-11-10", "valid_to": "2025-11-15", "special_validity": null, "notes": "30 Extra Punkte = € 0,30 PAYBACK"}
{"supermarket": "EDEKA", "brand": "Garden Gourmet", "product_name": "vegetarische oder vegane Produkte", "variant": "aus dem Kühlregal, versch. Sorten, z.B. Gemüsebällchen 200g, Falafel 190g, Filetstreifen 175g", "pack_size": "200g/190g/175g", "unit": "Packung", "pack_count": null, "price": 2.79, "currency": "EUR", "promo_type": "TOP-PREIS, PAYBACK", "compare_price": "1kg = 13,95/14,68/15,94", "uvp": 2.99, "discount_pct": null, "valid_from": "2025-11-10", "valid_to": "2025-11-15", "special_validity": null, "notes": "30 Extra Punkte = € 0,30 PAYBACK"}
{"supermarket": "EDEKA", "brand": "Nadler", "product_name": "Heringsfilets", "variant": "versch. Sorten", "pack_size": "400g", "unit": "Becher", "pack_count": null, "price": 2.69, "currency": "EUR", "promo_type": "TOP-PREIS", "compare_price": "1kg = 6,73", "uvp": 3.79, "discount_pct": null, "valid_from": "2025-11-10", "valid_to": "2025-11-15", "special_validity": null, "notes": "*Nur in teilnehmenden Märkten verfügbar."}
{"supermarket": "EDEKA", "brand": "Nadler", "product_name": "Heringsfilets", "variant": "versch. Sorten", "pack_size": "400g", "unit": "Becher", "pack_count": null, "price": 2.19, "currency": "EUR", "promo_type": "APP-PREIS", "compare_price": "1kg = 5,48", "uvp": 3.79, "discount_pct": 42, "valid_from": "2025-11-10", "valid_to": "2025-11-15", "special_validity": null, "notes": "*Nur in teilnehmenden Märkten verfügbar."}
{"supermarket": "EDEKA", "brand": "Rougette", "product_name": "Ofenkäse", "variant": "versch. Sorten, Doppelrahmstufe", "pack_size": "320g", "unit": "Packung", "pack_count": null, "price": 3.99, "currency": "EUR", "promo_type": "APP-PREIS", "compare_price": "1kg = 12,47", "uvp": 5.99, "discount_pct": 33, "valid_from": "2025-11-10", "valid_to": "2025-11-15", "special_validity": null, "notes": "*Nur in teilnehmenden Märkten verfügbar., Preis ohne App: 5.99 (1kg = 18.72)"}
{"supermarket": "EDEKA", "brand": "Barilla", "product_name": "Italienische Teigwaren", "variant": "versch. Ausformungen", "pack_size": "500g", "unit": "Packung", "pack_count": null, "price": 0.99, "currency": "EUR", "promo_type": "TOP-PREIS", "compare_price": "1kg = 1,98", "uvp": 1.99, "discount_pct": null, "valid_from": "2025-11-10", "valid_to": "2025-11-15", "special_validity": null, "notes": null}
{"supermarket": "EDEKA", "brand": "Schwartau", "product_name": "Extra, Samt oder Weniger Zucker", "variant": "fruchtiger Brotaufstrich, versch. Sorten", "pack_size": "190/270/340g", "unit": "Glas", "pack_count": null, "price": 1.99, "currency": "EUR", "promo_type": "TOP-PREIS", "compare_price": "1kg = 10,47/7,37/5,85", "uvp": 2.69, "discount_pct": null, "valid_from": "2025-11-10", "valid_to": "2025-11-15", "special_validity": null, "notes": "*Nur in teilnehmenden Märkten verfügbar."}
{"supermarket": "EDEKA", "brand": "Schwartau", "product_name": "Extra, Samt oder Weniger Zucker", "variant": "fruchtiger Brotaufstrich, versch. Sorten", "pack_size": "190/270/340g", "unit": "Glas", "pack_count": null, "price": 1.79, "currency": "EUR", "promo_type": "APP-PREIS", "compare_price": "1kg = 9,42/6,63/5,26", "uvp": 2.69, "discount_pct": 33, "valid_from": "2025-11-10", "valid_to": "2025-11-15", "special_validity": null, "notes": "*Nur in teilnehmenden Märkten verfügbar., bis zu 38% Rabatt"}
{"supermarket": "EDEKA", "brand": "EDEKA zuhause", "product_name": "Handmixer", "variant": "stufenlose Geschwindigkeiten mit Slow-Start + Turbotaste, extra lange Rühraufsätze und Knethaken", "pack_size": null, "unit": "Stück", "pack_count": 1, "price": 19.99, "currency": "EUR", "promo_type": "TOP-PREIS", "compare_price": null, "uvp": 27.99, "discount_pct": null, "valid_from": "2025-11-10", "valid_to": "2025-11-15", "special_validity": null, "notes": null}
{"supermarket": "EDEKA", "brand": "Knorr", "product_name": "Delikatess-Brühe oder -Bouillon", "variant": "versch. Sorten", "pack_size": null, "unit": "Glas/Packung", "pack_count": null, "price": 1.11, "currency": "EUR", "promo_type": "TOP-PREIS", "compare_price": null, "uvp": 1.89, "discount_pct": null, "valid_from": "2025-11-10", "valid_to": "2025-11-15", "special_validity": null, "notes": null}
{"supermarket": "EDEKA", "brand": "Maggi", "product_name": "Guten-Appetit-Suppen", "variant": "versch. Sorten", "pack_size": null, "unit": "Beutel", "pack_count": null, "price": 0.59, "currency": "EUR", "promo_type": "TOP-PREIS", "compare_price": null, "uvp": 0.99, "discount_pct": null, "valid_from": "2025-11-10", "valid_to": "2025-11-15", "special_validity": null, "notes": null}
{"supermarket": "EDEKA", "brand": "Kölln", "product_name": "Blütenzarte oder kernige Haferflocken", "variant": null, "pack_size": "500g", "unit": "Packung", "pack_count": null, "price": 1.19, "currency": "EUR", "promo_type": "TOP-PREIS", "compare_price": "1kg = 2,38", "uvp": 1.69, "discount_pct": null, "valid_from": "2025-11-10", "valid_to": "2025-11-15", "special_validity": null, "notes": "*Nur in teilnehmenden Märkten verfügbar."}
{"supermarket": "EDEKA", "brand": "Kölln", "product_name": "Blütenzarte oder kernige Haferflocken", "variant": null, "pack_size": "500g", "unit": "Packung", "pack_count": null, "price": 0.99, "currency": "EUR", "promo_type": "APP-PREIS", "compare_price": "1kg = 1,98", "uvp": 1.69, "discount_pct": 41, "valid_from": "2025-11-10", "valid_to": "2025-11-15", "special_validity": null, "notes": "*Nur in teilnehmenden Märkten verfügbar."}
{"supermarket": "EDEKA", "brand": "Dr. Oetker", "product_name": "Back- und Dekorartikel", "variant": null, "pack_size": null, "unit": null, "pack_count": null, "price": null, "currency": "EUR", "promo_type": "Rabatt", "compare_price": null, "uvp": null, "discount_pct": 25, "valid_from": "2025-11-10", "valid_to": "2025-11-15", "special_validity": null, "notes": "Beispielabbildungen"}
{"supermarket": "EDEKA", "brand": "Maggi", "product_name": "Ravioli", "variant": "versch. Sorten", "pack_size": "800g", "unit": "Dose", "pack_count": null, "price": 1.99, "currency": "EUR", "promo_type": "TOP-PREIS", "compare_price": "1kg = 2,49", "uvp": 2.99, "discount_pct": null, "valid_from": "2025-11-10", "valid_to": "2025-11-15", "special_validity": null, "notes": null}
{"supermarket": "EDEKA", "brand": "Maggi", "product_name": "für Genießer Suppen oder Saucen", "variant": "versch. Sorten", "pack_size": null, "unit": "Beutel", "pack_count": null, "price": 0.79, "currency": "EUR", "promo_type": "TOP-PREIS", "compare_price": null, "uvp": 1.19, "discount_pct": null, "valid_from": "2025-11-10", "valid_to": "2025-11-15", "special_validity": null, "notes": null}
{"supermarket": "EDEKA", "brand": "Oreo", "product_name": "O's Cereal", "variant": "Cerealien mit Schoko- und Vanillegeschmack", "pack_size": "350g", "unit": "Packung", "pack_count": null, "price": 4.49, "currency": "EUR", "promo_type": "PAYBACK", "compare_price": "1kg = 12,83", "uvp": 4.49, "discount_pct": null, "valid_from": "2025-11-10", "valid_to": "2025-11-15", "special_validity": null, "notes": "50 Extra Punkte = € 0.50 PAYBACK, Preis ohne PAYBACK: 4.49"}
{"supermarket": "EDEKA", "brand": "EDEKA Herzstücke", "product_name": "Lasagne oder Tagliatelle", "variant": "aus 100% Hartweizengrieß, traditionelle Verarbeitung, das Original aus Italien, versch. Ausformungen", "pack_size": "500g", "unit": "Packung", "pack_count": null, "price": 1.39, "currency": "EUR", "promo_type": "TOP-PREIS", "compare_price": "1kg = 2,78", "uvp": 1.89, "discount_pct": null, "valid_from": "2025-11-10", "valid_to": "2025-11-15", "special_validity": null, "notes": null}
{"supermarket": "EDEKA", "brand": "Yum Yum", "product_name": "Instantnudeln", "variant": "versch. Sorten", "pack_size": "60g", "unit": "Packung", "pack_count": null, "price": 0.59, "currency": "EUR", "promo_type": "TOP-PREIS", "compare_price": "1kg = 9,83", "uvp": 0.69, "discount_pct": null, "valid_from": "2025-11-10", "valid_to": "2025-11-15", "special_validity": null, "notes": "*Nur in teilnehmenden Märkten verfügbar."}
{"supermarket": "EDEKA", "brand": "Yum Yum", "product_name": "Instantnudeln", "variant": "versch. Sorten", "pack_size": "60g", "unit": "Packung", "pack_count": null, "price": 0.49, "currency": "EUR", "promo_type": "APP-PREIS", "compare_price": "1kg = 8,17", "uvp": 0.69, "discount_pct": 28, "valid_from": "2025-11-10", "valid_to": "2025-11-15", "special_validity": null, "notes": "*Nur in teilnehmenden Märkten verfügbar."}
{"supermarket": "EDEKA", "brand": "EDEKA Herzstücke", "product_name": "Khidri-Datteln", "variant": "mit Stein, getrocknet, besonders süß im Geschmack", "pack_size": "180g", "unit": "Packung", "pack_count": null, "price": 2.49, "currency": "EUR", "promo_type": "PAYBACK", "compare_price": "1kg = 13,83", "uvp": 2.49, "discount_pct": null, "valid_from": "2025-11-10", "valid_to": "2025-11-15", "special_validity": null, "notes": "30 Extra Punkte = € 0.30 PAYBACK, Preis ohne PAYBACK: 2.49"}
```

-----

# 
```json
{"supermarket": "Tchibo", "brand": null, "product_name": "Plüschtier", "variant": "Rentier", "pack_size": null, "unit": null, "pack_count": null, "price": 9.00, "currency": "EUR", "promo_type": null, "compare_price": null, "uvp": null, "discount_pct": null, "valid_from": "2025-10-27", "valid_to": "2025-11-23", "special_validity": null, "notes": "Kuscheliger Begleiter; Solange der Vorrat reicht und nur in teilnehmenden Märkten."}
{"supermarket": "Tchibo", "brand": null, "product_name": "Kinder-Strickmütze", "variant": null, "pack_size": null, "unit": null, "pack_count": null, "price": 7.99, "currency": "EUR", "promo_type": null, "compare_price": null, "uvp": null, "discount_pct": null, "valid_from": "2025-10-27", "valid_to": "2025-11-23", "special_validity": null, "notes": "Futter aus wärmendem Fleece; Solange der Vorrat reicht und nur in teilnehmenden Märkten."}
{"supermarket": "Tchibo", "brand": null, "product_name": "Baby-Jersey-Kleid", "variant": null, "pack_size": null, "unit": null, "pack_count": null, "price": 9.99, "currency": "EUR", "promo_type": null, "compare_price": null, "uvp": null, "discount_pct": null, "valid_from": "2025-10-27", "valid_to": "2025-11-23", "special_validity": null, "notes": "Mit Tüllrock; Solange der Vorrat reicht und nur in teilnehmenden Märkten."}
{"supermarket": "Tchibo", "brand": "Tchibo", "product_name": "Espresso", "variant": "Aromatisch Mailänder Art", "pack_size": "1kg", "unit": "kg", "pack_count": null, "price": 15.99, "currency": "EUR", "promo_type": "ANGEBOTSPREIS", "compare_price": "15.99 EUR/kg", "uvp": null, "discount_pct": null, "valid_from": "2025-10-27", "valid_to": "2025-11-23", "special_validity": null, "notes": "Solange der Vorrat reicht und nur in teilnehmenden Märkten."}
{"supermarket": "Tchibo", "brand": null, "product_name": "Kinder-Strickhandschuhe", "variant": null, "pack_size": null, "unit": null, "pack_count": null, "price": 7.99, "currency": "EUR", "promo_type": null, "compare_price": null, "uvp": null, "discount_pct": null, "valid_from": "2025-10-27", "valid_to": "2025-11-23", "special_validity": null, "notes": "Besonders weich, wärmend und atmungsaktiv; Solange der Vorrat reicht und nur in teilnehmenden Märkten."}
{"supermarket": "Tchibo", "brand": null, "product_name": "Baby-Sweathose", "variant": null, "pack_size": null, "unit": null, "pack_count": null, "price": 12.99, "currency": "EUR", "promo_type": null, "compare_price": null, "uvp": null, "discount_pct": null, "valid_from": "2025-10-27", "valid_to": "2025-11-23", "special_validity": null, "notes": "Plüsch-Applikation auf dem Gesäß; Solange der Vorrat reicht und nur in teilnehmenden Märkten."}
{"supermarket": "Tchibo", "brand": "Tchibo", "product_name": "Caffè Crema", "variant": "Milder Genuss", "pack_size": "1kg", "unit": "kg", "pack_count": null, "price": 15.99, "currency": "EUR", "promo_type": "ANGEBOTSPREIS", "compare_price": "15.99 EUR/kg", "uvp": null, "discount_pct": null, "valid_from": "2025-10-27", "valid_to": "2025-11-23", "special_validity": null, "notes": "Solange der Vorrat reicht und nur in teilnehmenden Märkten."}
{"supermarket": "Tchibo", "brand": "Tchibo", "product_name": "Espresso", "variant": "Kräftig Sizilianer Art", "pack_size": "1kg", "unit": "kg", "pack_count": null, "price": 15.99, "currency": "EUR", "promo_type": "ANGEBOTSPREIS", "compare_price": "15.99 EUR/kg", "uvp": null, "discount_pct": null, "valid_from": "2025-10-27", "valid_to": "2025-11-23", "special_validity": null, "notes": "Solange der Vorrat reicht und nur in teilnehmenden Märkten."}
{"supermarket": "Tchibo", "brand": null, "product_name": "Singender Plüsch-Weihnachtsbaum", "variant": null, "pack_size": null, "unit": null, "pack_count": null, "price": 14.99, "currency": "EUR", "promo_type": null, "compare_price": null, "uvp": null, "discount_pct": null, "valid_from": "2025-10-27", "valid_to": "2025-11-23", "special_validity": null, "notes": "Aus weichem Plüsch; Solange der Vorrat reicht und nur in teilnehmenden Märkten."}
{"supermarket": "Tchibo", "brand": null, "product_name": "Bügelperlen-Bastel-Set", "variant": null, "pack_size": "2.000 Bügelperlen", "unit": null, "pack_count": null, "price": 6.99, "currency": "EUR", "promo_type": null, "compare_price": null, "uvp": null, "discount_pct": null, "valid_from": "2025-10-27", "valid_to": "2025-11-23", "special_validity": null, "notes": "in 8 verschiedenen Farben; Solange der Vorrat reicht und nur in teilnehmenden Märkten."}
{"supermarket": "Tchibo", "brand": "Tchibo", "product_name": "Caffè Crema", "variant": "Vollmundiger Genuss", "pack_size": "1kg", "unit": "kg", "pack_count": null, "price": 15.99, "currency": "EUR", "promo_type": "ANGEBOTSPREIS", "compare_price": "15.99 EUR/kg", "uvp": null, "discount_pct": null, "valid_from": "2025-10-27", "valid_to": "2025-11-23", "special_validity": null, "notes": "Solange der Vorrat reicht und nur in teilnehmenden Märkten."}
```

-----

# 
```json
{"supermarket":"Aldi", "brand": "MILSANI", "product_name": "Trinkjoghurt", "variant": "Versch. Sorten", "pack_size": "500", "unit": "g", "pack_count": null, "price": 0.95, "currency": "EUR", "promo_type": "TIEFPREIS", "compare_price": "kg = 1.90", "uvp": null, "discount_pct": null, "valid_from": "2025-11-10", "valid_to": "2025-11-23", "special_validity": null, "notes": "zzgl. Pfand = 0.25; Aus der Kühlung; Dauerhaft im Sortiment"}
{"supermarket":"Aldi", "brand": "RIO D'ORO", "product_name": "Smoothie", "variant": "versch. Sorten", "pack_size": "250", "unit": "ml", "pack_count": null, "price": 1.29, "currency": "EUR", "promo_type": "TIEFPREIS", "compare_price": "Liter = 5.16", "uvp": null, "discount_pct": null, "valid_from": "2025-11-10", "valid_to": "2025-11-23", "special_validity": null, "notes": "zzgl. Pfand = 0.25; Ohne Konzentrate; schonend erhitzt; Dauerhaft im Sortiment"}
{"supermarket":"Aldi", "brand": "RIO D'ORO", "product_name": "Apfelsaft klar", "variant": "100% Saft; aus Konzentrat", "pack_size": "1", "unit": "L", "pack_count": null, "price": 1.09, "currency": "EUR", "promo_type": "TIEFPREIS", "compare_price": "Liter = 1.09", "uvp": null, "discount_pct": null, "valid_from": "2025-11-10", "valid_to": "2025-11-23", "special_validity": null, "notes": "zzgl. Pfand = 0.25; Dauerhaft im Sortiment"}
{"supermarket":"Aldi", "brand": "RIVER", "product_name": "Cola Classic", "variant": "Koffeinhaltig", "pack_size": "1,5", "unit": "L", "pack_count": null, "price": 0.65, "currency": "EUR", "promo_type": "TIEFPREIS", "compare_price": "Liter = 0.43", "uvp": null, "discount_pct": null, "valid_from": "2025-11-10", "valid_to": "2025-11-23", "special_validity": null, "notes": "zzgl. Pfand = 0.25; Dauerhaft im Sortiment"}
{"supermarket":"Aldi", "brand": "QUELLBRUNN", "product_name": "Mineralwasser", "variant": "Versch. Sorten", "pack_size": "1,5", "unit": "L", "pack_count": null, "price": 0.29, "currency": "EUR", "promo_type": "TIEFPREIS", "compare_price": "Liter = 0.19", "uvp": null, "discount_pct": null, "valid_from": "2025-11-10", "valid_to": "2025-11-23", "special_validity": null, "notes": "zzgl. Pfand = 0.25; Dauerhaft im Sortiment"}
{"supermarket":"Aldi", "brand": "SCHULTENBRÄU", "product_name": "Pils/0,0 %", "variant": "Z. T. alkoholfrei", "pack_size": "0,5", "unit": "L", "pack_count": null, "price": 0.55, "currency": "EUR", "promo_type": "TIEFPREIS", "compare_price": "Liter = 1.10", "uvp": null, "discount_pct": null, "valid_from": "2025-11-10", "valid_to": "2025-11-23", "special_validity": null, "notes": "zzgl. Pfand = 0.25; Dauerhaft im Sortiment"}
{"supermarket":"Aldi", "brand": "ALDI FOTO", "product_name": "Fotobuch A4", "variant": "Hardcover, Digitaldruck, 24 Seiten", "pack_size": null, "unit": null, "pack_count": null, "price": 7.99, "currency": "EUR", "promo_type": "Angebot", "compare_price": null, "uvp": 9.99, "discount_pct": 20, "valid_from": "2025-11-10", "valid_to": "2025-12-26", "special_validity": "gültig bis zum 26.12.2025", "notes": "Angebot gültig bis zum 26.12.2025. Kein Rabatt auf Extraseiten, andere Papiertypen, Bindungen und Zubehör. Alle Preise inkl. MwSt. zzgl. Versandkosten (4,99 € pro Bestellung)."}
{"supermarket":"Aldi", "brand": "ALDI FOTO", "product_name": "Leinwand", "variant": "Druck mit Markentinte, 30x20 cm", "pack_size": null, "unit": null, "pack_count": null, "price": 4.79, "currency": "EUR", "promo_type": "Angebot", "compare_price": null, "uvp": 11.9, "discount_pct": 59, "valid_from": "2025-11-10", "valid_to": "2025-12-26", "special_validity": "gültig bis zum 26.12.2025", "notes": "Angebot gültig bis zum 26.12.2025. Alle Preise inkl. MwSt. zzgl. Versandkosten (4,99 € pro Bestellung)."}
{"supermarket":"Aldi", "brand": "ALDI FOTO", "product_name": "Wandkalender", "variant": "A4, hochwertiger Digitaldruck", "pack_size": null, "unit": null, "pack_count": null, "price": 4.79, "currency": "EUR", "promo_type": "Angebot", "compare_price": null, "uvp": 9.9, "discount_pct": 51, "valid_from": "2025-11-10", "valid_to": "2025-12-26", "special_validity": "gültig bis zum 26.12.2025", "notes": "Angebot gültig bis zum 26.12.2025. Alle Preise inkl. MwSt. zzgl. Versandkosten (4,99 € pro Bestellung)."}
{"supermarket":"Aldi", "brand": null, "product_name": "Österreich - Tirol, Winterspaß am Wilden Kaiser", "variant": "3, 4 bzw. 7 Nächte, 4-Sterne-Hotel Berghof in Söll mit Halbpension, Inkl. 1 x wöchentlich Fackelwanderung", "pack_size": null, "unit": null, "pack_count": null, "price": 219.0, "currency": "EUR", "promo_type": "Top-Angebot", "compare_price": "pro Person ab, im Doppelzimmer", "uvp": null, "discount_pct": null, "valid_from": "2025-11-10", "valid_to": "2025-11-23", "special_validity": "Reisezeitraum: November 25 - April 26", "notes": "Veranstalter: Berge & Meer Touristik GmbH. Begrenztes Kontingent."}
{"supermarket":"Aldi", "brand": null, "product_name": "Österreich - Zillertal, An der Bergbahn Spieljochbahn", "variant": "3, 4 bzw. 7 Nächte, 4-Sterne-Hotel Kohlerhof in Fügen mit Halbpension, Inkl. Nutzung des 2.800 m² Wellnessbereichs", "pack_size": null, "unit": null, "pack_count": null, "price": 499.0, "currency": "EUR", "promo_type": "Top-Angebot", "compare_price": "pro Person ab, im Doppelzimmer", "uvp": null, "discount_pct": null, "valid_from": "2025-11-10", "valid_to": "2025-11-23", "special_validity": "Reisezeitraum: Dezember 25 - April 26", "notes": "Veranstalter: Berge & Meer Touristik GmbH. Begrenztes Kontingent."}
{"supermarket":"Aldi", "brand": null, "product_name": "Österreich - Tirol, Ski Juwel Alpbachtal Wildschönau", "variant": "7 Nächte, 4-Sterne-Hotel Alphof in Alpbach mit Halbpension, Inkl. Alpbachtal Card", "pack_size": null, "unit": null, "pack_count": null, "price": 629.0, "currency": "EUR", "promo_type": "Top-Angebot", "compare_price": "pro Person ab, im Doppelzimmer", "uvp": null, "discount_pct": null, "valid_from": "2025-11-10", "valid_to": "2025-11-23", "special_validity": "Reisezeitraum: Dezember 25 - April 26", "notes": "Veranstalter: Berge & Meer Touristik GmbH. Begrenztes Kontingent."}
```

-----

# 
```json
{"supermarket":"Aldi", "brand":"BLUEY", "product_name":"Schlafanzug", "variant":"Reine Baumwolle; 98/104-122/128", "pack_size":null, "unit":"Garnitur", "pack_count":null, "price":6.99, "currency":"EUR", "promo_type":"AKTION", "compare_price":null, "uvp":null, "discount_pct":null, "valid_from":"2025-11-13", "valid_to":"2025-11-15", "special_validity":null, "notes":"begrenzte Anzahl"}
{"supermarket":"Aldi", "brand":"BLUEY", "product_name":"Pullover", "variant":"80% Baumwolle, 20% Polyester; 98/104-122/128", "pack_size":null, "unit":"Stück", "pack_count":null, "price":5.99, "currency":"EUR", "promo_type":"AKTION", "compare_price":null, "uvp":null, "discount_pct":null, "valid_from":"2025-11-13", "valid_to":"2025-11-15", "special_validity":null, "notes":"begrenzte Anzahl"}
{"supermarket":"Aldi", "brand":"BLUEY", "product_name":"Unterwäsche", "variant":"Reine Baumwolle bzw. 95% Baumwolle, 5% Elasthan; 98/104-122/128", "pack_size":null, "unit":"Set", "pack_count":null, "price":3.99, "currency":"EUR", "promo_type":"AKTION", "compare_price":null, "uvp":null, "discount_pct":null, "valid_from":"2025-11-13", "valid_to":"2025-11-15", "special_validity":null, "notes":"begrenzte Anzahl, 2er- oder 3er-Set"}
{"supermarket":"Aldi", "brand":"BLUEY", "product_name":"Socken", "variant":"78% Baumwolle, 21% Polyamid, 1% Elasthan; 23/26-31/34", "pack_size":null, "unit":"Paar", "pack_count":2, "price":2.99, "currency":"EUR", "promo_type":"AKTION", "compare_price":null, "uvp":null, "discount_pct":null, "valid_from":"2025-11-13", "valid_to":"2025-11-15", "special_validity":null, "notes":"begrenzte Anzahl"}
{"supermarket":"Aldi", "brand":"Ravensburger", "product_name":"Memory/Puzzle/Domino", "variant":"Memory mit 24 Bildpaaren; Puzzle, 2x12 Teile, oder 3x49 Teile, Domino mit 32 Karten", "pack_size":null, "unit":"Stück", "pack_count":null, "price":5.99, "currency":"EUR", "promo_type":null, "compare_price":null, "uvp":8.99, "discount_pct":33, "valid_from":"2025-11-13", "valid_to":"2025-11-15", "special_validity":null, "notes":"begrenzte Anzahl"}
{"supermarket":"Aldi", "brand":"BLUEY", "product_name":"Plüschfigur", "variant":"Bingo oder Bluey, Polyester; ca. 30 cm hoch", "pack_size":null, "unit":"Stück", "pack_count":null, "price":12.99, "currency":"EUR", "promo_type":null, "compare_price":null, "uvp":19.99, "discount_pct":35, "valid_from":"2025-11-13", "valid_to":"2025-11-15", "special_validity":null, "notes":"begrenzte Anzahl"}
{"supermarket":"Aldi", "brand":"BLUEY", "product_name":"Juice-Bar-Spielset", "variant":"Inkl. 2 beweglicher Spielfiguren, Bluey und Coco, sowie Zubehör", "pack_size":null, "unit":"Set", "pack_count":null, "price":12.99, "currency":"EUR", "promo_type":null, "compare_price":null, "uvp":24.99, "discount_pct":48, "valid_from":"2025-11-13", "valid_to":"2025-11-15", "special_validity":null, "notes":"begrenzte Anzahl"}
{"supermarket":"Aldi", "brand":"Crane", "product_name":"Rücken-/ Gelenkwärmer", "variant":"Mit Wolle", "pack_size":null, "unit":null, "pack_count":null, "price":4.99, "currency":"EUR", "promo_type":"AKTION", "compare_price":null, "uvp":null, "discount_pct":null, "valid_from":"2025-11-13", "valid_to":"2025-11-15", "special_validity":null, "notes":"begrenzte Anzahl, Rückenwärmer (Stück) oder Gelenkwärmer (2er-Packung)"}
{"supermarket":"Aldi", "brand":"UP2FASHION", "product_name":"Lammfell-Hausschuhe", "variant":"Damen (37-41) oder Herren (41-45), Obermaterial, Futter und Decksohle Lammfell", "pack_size":null, "unit":"Paar", "pack_count":null, "price":14.99, "currency":"EUR", "promo_type":"AKTION", "compare_price":null, "uvp":null, "discount_pct":null, "valid_from":"2025-11-13", "valid_to":"2025-11-15", "special_validity":null, "notes":"begrenzte Anzahl"}
{"supermarket":"Aldi", "brand":"Crane", "product_name":"Socken mit Lammwolle", "variant":"42% Wolle (Lammwolle), 34% Polyacryl, 24% Polyamid; 37/39-43/45", "pack_size":null, "unit":"Paar", "pack_count":null, "price":4.99, "currency":"EUR", "promo_type":"AKTION", "compare_price":null, "uvp":null, "discount_pct":null, "valid_from":"2025-11-13", "valid_to":"2025-11-15", "special_validity":null, "notes":"begrenzte Anzahl"}
{"supermarket":"Aldi", "brand":"nur die", "product_name":"Strumpfhose", "variant":"50 den mit transparenter, matter Optik, S-L", "pack_size":null, "unit":"Stück", "pack_count":null, "price":9.99, "currency":"EUR", "promo_type":null, "compare_price":null, "uvp":14.99, "discount_pct":33, "valid_from":"2025-11-13", "valid_to":"2025-11-15", "special_validity":null, "notes":"begrenzte Anzahl"}
{"supermarket":"Aldi", "brand":"nur die", "product_name":"Strumpfhose", "variant":"80 den, ultrablickdicht, matt, S-L", "pack_size":null, "unit":"Stück", "pack_count":null, "price":5.99, "currency":"EUR", "promo_type":null, "compare_price":null, "uvp":8.99, "discount_pct":33, "valid_from":"2025-11-13", "valid_to":"2025-11-15", "special_validity":null, "notes":"begrenzte Anzahl"}
{"supermarket":"Aldi", "brand":null, "product_name":"Bügelloser Komfort-BH", "variant":"85-95 Cup B, 85-90 Cup C", "pack_size":null, "unit":"Stück", "pack_count":null, "price":9.99, "currency":"EUR", "promo_type":null, "compare_price":null, "uvp":14.99, "discount_pct":33, "valid_from":"2025-11-13", "valid_to":"2025-11-15", "special_validity":null, "notes":"begrenzte Anzahl"}
{"supermarket":"Aldi", "brand":null, "product_name":"Slips", "variant":"Midi, 95% Baumwolle, 5% Elasthan; S-XL", "pack_size":null, "unit":"2er-Packung", "pack_count":2, "price":7.99, "currency":"EUR", "promo_type":null, "compare_price":null, "uvp":11.99, "discount_pct":33, "valid_from":"2025-11-13", "valid_to":"2025-11-15", "special_validity":null, "notes":"begrenzte Anzahl"}
{"supermarket":"Aldi", "brand":null, "product_name":"Retropants", "variant":"Für Herren, 95% Baumwolle, 5% Elasthan; M-XXL", "pack_size":null, "unit":"2er-Packung", "pack_count":2, "price":7.99, "currency":"EUR", "promo_type":null, "compare_price":null, "uvp":9.99, "discount_pct":20, "valid_from":"2025-11-13", "valid_to":"2025-11-15", "special_validity":null, "notes":"begrenzte Anzahl"}
{"supermarket":"Aldi", "brand":"UP2FASHION", "product_name":"Flausch-Pyjama", "variant":"Hose reine Baumwolle, Oberteil 100% Polyester, Flausch; XS-L", "pack_size":null, "unit":"Garnitur", "pack_count":null, "price":12.99, "currency":"EUR", "promo_type":"AKTION", "compare_price":null, "uvp":null, "discount_pct":null, "valid_from":"2025-11-13", "valid_to":"2025-11-15", "special_validity":null, "notes":"begrenzte Anzahl"}
{"supermarket":"Aldi", "brand":"UP2FASHION", "product_name":"Flausch-Socken", "variant":"98% Polyester, 2% Elasthan (LYCRA®); 35/38-39/42", "pack_size":null, "unit":"Paar", "pack_count":2, "price":2.99, "currency":"EUR", "promo_type":"AKTION", "compare_price":null, "uvp":null, "discount_pct":null, "valid_from":"2025-11-13", "valid_to":"2025-11-15", "special_validity":null, "notes":"begrenzte Anzahl"}
{"supermarket":"Aldi", "brand":"UP2FASHION", "product_name":"Flausch-Leggings", "variant":"94% Polyester, 6% Elasthan; XS-L", "pack_size":null, "unit":"Stück", "pack_count":null, "price":4.99, "currency":"EUR", "promo_type":"AKTION", "compare_price":null, "uvp":null, "discount_pct":null, "valid_from":"2025-11-13", "valid_to":"2025-11-15", "special_validity":null, "notes":"begrenzte Anzahl"}
{"supermarket":"Aldi", "brand":"GARDENLINE", "product_name":"Grabgesteck/-schale/-leger", "variant":"Nobilis-/Nordmanntanne; gesteckt oder gebunden; mit weiterem Schnittgrün", "pack_size":null, "unit":"Pflanze", "pack_count":null, "price":9.99, "currency":"EUR", "promo_type":"AKTION", "compare_price":null, "uvp":null, "discount_pct":null, "valid_from":"2025-11-13", "valid_to":"2025-11-15", "special_validity":null, "notes":"begrenzte Anzahl"}
{"supermarket":"Aldi", "brand":"GARDENLINE", "product_name":"Adventskranz/-schiff", "variant":"Nobilistanne; gebunden oder gesteckt; 4 nicht rußende Kerzen", "pack_size":null, "unit":"Stück", "pack_count":null, "price":19.99, "currency":"EUR", "promo_type":"AKTION", "compare_price":null, "uvp":null, "discount_pct":null, "valid_from":"2025-11-13", "valid_to":"2025-11-15", "special_validity":null, "notes":"begrenzte Anzahl"}
{"supermarket":"Aldi", "brand":"GARDENLINE", "product_name":"Christrose (Helleborus)", "variant":"Im 12-cm-Kulturtopf; ca. 25 cm hoch; winterhart", "pack_size":null, "unit":"Pflanze", "pack_count":null, "price":2.79, "currency":"EUR", "promo_type":"AKTION", "compare_price":null, "uvp":null, "discount_pct":null, "valid_from":"2025-11-13", "valid_to":"2025-11-15", "special_validity":null, "notes":"begrenzte Anzahl"}
{"supermarket":"Aldi", "brand":"GARDENLINE", "product_name":"Weihnachtskaktus (Schlumbergera)", "variant":"Im 9- bzw. 9,5-cm-Kulturtopf; ca. 22-24 cm hoch", "pack_size":null, "unit":"Pflanze", "pack_count":null, "price":1.69, "currency":"EUR", "promo_type":"AKTION", "compare_price":null, "uvp":null, "discount_pct":null, "valid_from":"2025-11-13", "valid_to":"2025-11-15", "special_validity":null, "notes":"begrenzte Anzahl"}
{"supermarket":"Aldi", "brand":"GARDENLINE", "product_name":"Amaryllis im Topf", "variant":"Im 12-cm-Kulturtopf; Austrieb: ca. 1-5cm; Zwiebelgroße 22/24", "pack_size":null, "unit":"Pflanze", "pack_count":null, "price":2.99, "currency":"EUR", "promo_type":"AKTION", "compare_price":null, "uvp":null, "discount_pct":null, "valid_from":"2025-11-13", "valid_to":"2025-11-15", "special_validity":null, "notes":"begrenzte Anzahl"}
{"supermarket":"Aldi", "brand":"GARDENLINE", "product_name":"Weihnachtssternbusch", "variant":"Im 17-cm-Kulturtopf; ca. 40-46 cm hoch; 7 Brakteen, Farbe: rot", "pack_size":null, "unit":"Pflanze", "pack_count":null, "price":4.49, "currency":"EUR", "promo_type":"AKTION", "compare_price":null, "uvp":null, "discount_pct":null, "valid_from":"2025-11-13", "valid_to":"2025-11-15", "special_validity":null, "notes":"begrenzte Anzahl"}
{"supermarket":"Aldi", "brand":"MEINE METZGEREI", "product_name":"Lammkeulenscheibe", "variant":"Aus Neuseeland; in Kräutermarinade", "pack_size":"200 g", "unit":"g", "pack_count":null, "price":3.79, "currency":"EUR", "promo_type":"AKTION", "compare_price":"kg = 18.95", "uvp":null, "discount_pct":null, "valid_from":"2025-11-13", "valid_to":"2025-11-15", "special_validity":null, "notes":"begrenzte Anzahl"}
{"supermarket":"Aldi", "brand":"MEINE METZGEREI", "product_name":"Putengeschnetzeltes XXL", "variant":"Frisch; aus dem Brustfilet", "pack_size":"800 g", "unit":"g", "pack_count":null, "price":5.99, "currency":"EUR", "promo_type":"AKTION", "compare_price":"kg = 7.49", "uvp":null, "discount_pct":null, "valid_from":"2025-11-13", "valid_to":"2025-11-15", "special_validity":null, "notes":"begrenzte Anzahl"}
{"supermarket":"Aldi", "brand":"MEINE METZGEREI", "product_name":"Kasseler-Räucherling", "variant":"Aus dem Schweinefilet; gepökelt und geräuchert", "pack_size":"600 g", "unit":"g", "pack_count":null, "price":6.89, "currency":"EUR", "promo_type":"AKTION", "compare_price":"kg = 11.48", "uvp":null, "discount_pct":null, "valid_from":"2025-11-13", "valid_to":"2025-11-15", "special_validity":null, "notes":"begrenzte Anzahl"}
{"supermarket":"Aldi", "brand":"MEINE METZGEREI", "product_name":"Chicken-Burger XXL", "variant":"Aus Hähnchenfleisch; vorgegart", "pack_size":"800 g", "unit":"g", "pack_count":6, "price":5.99, "currency":"EUR", "promo_type":"AKTION", "compare_price":"kg = 7.49", "uvp":null, "discount_pct":null, "valid_from":"2025-11-13", "valid_to":"2025-11-15", "special_validity":null, "notes":"begrenzte Anzahl"}
{"supermarket":"Aldi", "brand":"BBQ", "product_name":"Fackelbrot", "variant":"Gefüllte Weizentortillas; mit einer Füllung nach Flammkuchen-Art", "pack_size":"230 g", "unit":"g", "pack_count":null, "price":2.79, "currency":"EUR", "promo_type":"AKTION", "compare_price":"kg = 12.13", "uvp":null, "discount_pct":null, "valid_from":"2025-11-13", "valid_to":"2025-11-15", "special_validity":null, "notes":"begrenzte Anzahl"}
{"supermarket":"Aldi", "brand":"MEINE METZGEREI", "product_name":"Sauerbraten", "variant":"Vom Rind; küchenfertig; Abtropfgewicht (ATG) = 600g", "pack_size":"1.000 g", "unit":"g", "pack_count":null, "price":15.99, "currency":"EUR", "promo_type":"AKTION", "compare_price":"kg = 26.65 ATG", "uvp":null, "discount_pct":null, "valid_from":"2025-11-13", "valid_to":"2025-11-15", "special_validity":null, "notes":"begrenzte Anzahl"}
{"supermarket":"Aldi", "brand":"MEIN BESTES", "product_name":"Pistazien-Croissant", "variant":"Gefüllt mit Pistaziencreme", "pack_size":null, "unit":"Stück", "pack_count":null, "price":0.89, "currency":"EUR", "promo_type":"AKTION", "compare_price":null, "uvp":null, "discount_pct":null, "valid_from":"2025-11-13", "valid_to":"2025-11-15", "special_validity":null, "notes":"begrenzte Anzahl"}
{"supermarket":"Aldi", "brand":"MEIN BESTES", "product_name":"Pizza-Donut-Flammkuchen", "variant":"Mit Frischkäse gefüllter Pizzateig; mit Röstzwiebeln, Speckwürfeln und Sauerrahm; frisch gebacken", "pack_size":null, "unit":"Stück", "pack_count":null, "price":0.99, "currency":"EUR", "promo_type":"AKTION", "compare_price":null, "uvp":null, "discount_pct":null, "valid_from":"2025-11-13", "valid_to":"2025-11-15", "special_validity":null, "notes":"begrenzte Anzahl"}
{"supermarket":"Aldi", "brand":"Activia", "product_name":"Frucht-/Cerealienmix XXL", "variant":"Packung enthält je versch. Sorten; z. T. ohne Zuckerzusatz", "pack_size":"8x115 g", "unit":"g", "pack_count":8, "price":2.89, "currency":"EUR", "promo_type":"AKTION", "compare_price":"kg = 3.14", "uvp":null, "discount_pct":null, "valid_from":"2025-11-13", "valid_to":"2025-11-15", "special_validity":null, "notes":"begrenzte Anzahl"}
{"supermarket":"Aldi", "brand":"Müller", "product_name":"Müllermilch", "variant":"Versch. Sorten", "pack_size":"400 ml", "unit":"ml", "pack_count":null, "price":0.79, "currency":"EUR", "promo_type":null, "compare_price":"Liter = 1.98", "uvp":1.49, "discount_pct":46, "valid_from":"2025-11-13", "valid_to":"2025-11-15", "special_validity":null, "notes":"zzgl. Pfand = 0.25; begrenzte Anzahl, kann zu bestimmten Zeiten ausverkauft sein"}
{"supermarket":"Aldi", "brand":"Dany", "product_name":"Pudding", "variant":"Mit Sahnetopping; versch. Sorten", "pack_size":"2x115 g", "unit":"g", "pack_count":2, "price":0.99, "currency":"EUR", "promo_type":null, "compare_price":"kg = 4.30", "uvp":1.39, "discount_pct":28, "valid_from":"2025-11-13", "valid_to":"2025-11-15", "special_validity":null, "notes":"begrenzte Anzahl"}
{"supermarket":"Aldi", "brand":"St. Mang", "product_name":"Weichkäsespezialität", "variant":"Versch. Sorten", "pack_size":"170g, 180g oder 200g", "unit":null, "pack_count":null, "price":1.99, "currency":"EUR", "promo_type":null, "compare_price":"kg = 11.71/11.06/9.95", "uvp":2.99, "discount_pct":33, "valid_from":"2025-11-13", "valid_to":"2025-11-15", "special_validity":null, "notes":"begrenzte Anzahl"}
{"supermarket":"Aldi", "brand":"Egetat", "product_name":"Knoblauchwurst", "variant":"Nach türkischer Art; in Scheiben", "pack_size":"200 g", "unit":"g", "pack_count":null, "price":3.69, "currency":"EUR", "promo_type":"AKTION", "compare_price":"kg = 18.45", "uvp":null, "discount_pct":null, "valid_from":"2025-11-13", "valid_to":"2025-11-15", "special_validity":null, "notes":"begrenzte Anzahl"}
{"supermarket":"Aldi", "brand":"Loose", "product_name":"Quäse", "variant":"Sauermilchkäse; mind. 1,5% Fett i. Tr.; versch. Sorten", "pack_size":"220 g", "unit":"g", "pack_count":null, "price":2.29, "currency":"EUR", "promo_type":null, "compare_price":"kg = 10.41", "uvp":2.99, "discount_pct":23, "valid_from":"2025-11-13", "valid_to":"2025-11-15", "special_validity":null, "notes":"begrenzte Anzahl"}
{"supermarket":"Aldi", "brand":"Popp", "product_name":"Beilagensalat", "variant":"Versch. Sorten", "pack_size":"400 g", "unit":"g", "pack_count":null, "price":1.89, "currency":"EUR", "promo_type":"AKTION", "compare_price":"kg = 4.73", "uvp":null, "discount_pct":null, "valid_from":"2025-11-13", "valid_to":"2025-11-15", "special_validity":null, "notes":"begrenzte Anzahl"}
{"supermarket":"Aldi", "brand":"Meggle", "product_name":"Laugenbaguette", "variant":"Mit Kräuterbutter gefüllt", "pack_size":"160 g", "unit":"g", "pack_count":null, "price":1.29, "currency":"EUR", "promo_type":"AKTION", "compare_price":"kg = 8.06", "uvp":null, "discount_pct":null, "valid_from":"2025-11-13", "valid_to":"2025-11-15", "special_validity":null, "notes":"begrenzte Anzahl"}
{"supermarket":"Aldi", "brand":"Kerrygold", "product_name":"Käse", "variant":"In Scheiben oder gerieben; versch. Sorten", "pack_size":"125g oder 150g", "unit":null, "pack_count":null, "price":1.49, "currency":"EUR", "promo_type":null, "compare_price":"kg = 11.92/9.93", "uvp":2.89, "discount_pct":48, "valid_from":"2025-11-13", "valid_to":"2025-11-15", "special_validity":null, "notes":"begrenzte Anzahl"}
{"supermarket":"Aldi", "brand":"Trader Joe's", "product_name":"Datteln", "variant":"Entsteint und getrocknet", "pack_size":"400 g", "unit":"g", "pack_count":null, "price":1.99, "currency":"EUR", "promo_type":"TIEFPREIS", "compare_price":"kg = 4.98", "uvp":null, "discount_pct":null, "valid_from":"2025-11-13", "valid_to":"2025-11-15", "special_validity":null, "notes":null}
{"supermarket":"Aldi", "brand":"Trader Joe's", "product_name":"Aprikosen", "variant":"Getrocknet, entsteint und geschwefelt", "pack_size":"400 g", "unit":"g", "pack_count":null, "price":2.99, "currency":"EUR", "promo_type":"AKTION", "compare_price":"kg = 7.48", "uvp":null, "discount_pct":null, "valid_from":"2025-11-13", "valid_to":"2025-11-15", "special_validity":null, "notes":"begrenzte Anzahl"}
{"supermarket":"Aldi", "brand":"Dr. Oetker", "product_name":"Backzutat", "variant":"Versch. Sorten", "pack_size":"24g, 28g, 80g oder 160g", "unit":null, "pack_count":null, "price":0.89, "currency":"EUR", "promo_type":null, "compare_price":"kg= 37.08/31.79/11.13/5.56", "uvp":1.29, "discount_pct":31, "valid_from":"2025-11-13", "valid_to":"2025-11-15", "special_validity":null, "notes":"begrenzte Anzahl, kann zu bestimmten Zeiten ausverkauft sein"}
{"supermarket":"Aldi", "brand":"Tandil", "product_name":"Flüssigwaschmittel", "variant":"Vollwaschmittel; je für 20 Anwendungen", "pack_size":"1.1 L", "unit":"L", "pack_count":null, "price":3.15, "currency":"EUR", "promo_type":"TIEFPREIS", "compare_price":"Anwendung = 0.16", "uvp":null, "discount_pct":null, "valid_from":"2025-11-13", "valid_to":"2025-11-15", "special_validity":null, "notes":null}
{"supermarket":"Aldi", "brand":"Bihophar", "product_name":"Blütenhonig-Spezialität", "variant":"Versch. Sorten", "pack_size":"500 g", "unit":"g", "pack_count":null, "price":4.99, "currency":"EUR", "promo_type":null, "compare_price":"kg = 9.98", "uvp":6.99, "discount_pct":28, "valid_from":"2025-11-13", "valid_to":"2025-11-15", "special_validity":null, "notes":"begrenzte Anzahl"}
{"supermarket":"Aldi", "brand":"Becel", "product_name":"Streichfett", "variant":"100% pflanzlich; versch. Sorten", "pack_size":"225 g", "unit":"g", "pack_count":null, "price":1.29, "currency":"EUR", "promo_type":null, "compare_price":"kg = 5.73", "uvp":1.99, "discount_pct":35, "valid_from":"2025-11-13", "valid_to":"2025-11-15", "special_validity":null, "notes":"begrenzte Anzahl, kann zu bestimmten Zeiten ausverkauft sein"}
{"supermarket":"Aldi", "brand":"Knorr", "product_name":"Bouillon Pur", "variant":"Versch. Sorten; ergibt ca. 6x 500 ml = 3 L", "pack_size":"6x28 g", "unit":"g", "pack_count":6, "price":1.49, "currency":"EUR", "promo_type":null, "compare_price":"Liter = 0.50", "uvp":2.79, "discount_pct":46, "valid_from":"2025-11-13", "valid_to":"2025-11-15", "special_validity":null, "notes":"begrenzte Anzahl"}
{"supermarket":"Aldi", "brand":"King's Crown", "product_name":"Gurkentopf XXL", "variant":"Abtropfgewicht (ATG) = 850 g", "pack_size":"1.700 ml", "unit":"ml", "pack_count":null, "price":2.29, "currency":"EUR", "promo_type":"AKTION", "compare_price":"kg = 2.69 ATG", "uvp":null, "discount_pct":null, "valid_from":"2025-11-13", "valid_to":"2025-11-15", "special_validity":null, "notes":"begrenzte Anzahl"}
{"supermarket":"Aldi", "brand":"Biscotto", "product_name":"Dänisches Buttergebäck", "variant":"In Schmuckdose; z. T. mit Zucker bestreut", "pack_size":"750 g", "unit":"g", "pack_count":null, "price":4.79, "currency":"EUR", "promo_type":"AKTION", "compare_price":"kg = 6.39", "uvp":null, "discount_pct":null, "valid_from":"2025-11-13", "valid_to":"2025-11-15", "special_validity":null, "notes":"begrenzte Anzahl"}
{"supermarket":"Aldi", "brand":"Ferrero Kinder", "product_name":"Schokobons", "variant":"+50g gratis, Vollmilchschokoladeneier mit Milchcremefüllung und fein gehackten Haselnüssen", "pack_size":"350 g", "unit":"g", "pack_count":null, "price":4.99, "currency":"EUR", "promo_type":"AKTION", "compare_price":"kg = 14.26", "uvp":null, "discount_pct":null, "valid_from":"2025-11-13", "valid_to":"2025-11-15", "special_validity":null, "notes":"begrenzte Anzahl"}
{"supermarket":"Aldi", "brand":"Haribo", "product_name":"Weihnachtliche Fruchtgummis", "variant":"Versch. Sorten", "pack_size":"175g oder 200g", "unit":null, "pack_count":null, "price":1.11, "currency":"EUR", "promo_type":null, "compare_price":"kg= 6.34/5.55", "uvp":1.49, "discount_pct":25, "valid_from":"2025-11-13", "valid_to":"2025-11-15", "special_validity":null, "notes":"begrenzte Anzahl"}
{"supermarket":"Aldi", "brand":"Frigeo", "product_name":"Ahoj-Brause-Bonbons", "variant":"Versch. Sorten", "pack_size":"125 g", "unit":"g", "pack_count":null, "price":0.99, "currency":"EUR", "promo_type":"AKTION", "compare_price":"kg = 7.92", "uvp":null, "discount_pct":null, "valid_from":"2025-11-13", "valid_to":"2025-11-15", "special_validity":null, "notes":"begrenzte Anzahl"}
{"supermarket":"Aldi", "brand":"funny-frisch", "product_name":"Ofen-Chips", "variant":"Versch. Sorten; 60% weniger Fett", "pack_size":"125 g", "unit":"g", "pack_count":null, "price":1.19, "currency":"EUR", "promo_type":null, "compare_price":"kg = 9.52", "uvp":1.99, "discount_pct":40, "valid_from":"2025-11-13", "valid_to":"2025-11-15", "special_validity":null, "notes":"begrenzte Anzahl"}
{"supermarket":"Aldi", "brand":"Lorenz", "product_name":"Crunchips", "variant":"Versch. Sorten", "pack_size":"175 g", "unit":"g", "pack_count":null, "price":1.89, "currency":"EUR", "promo_type":null, "compare_price":"kg = 10.80", "uvp":2.29, "discount_pct":17, "valid_from":"2025-11-13", "valid_to":"2025-11-15", "special_validity":null, "notes":"begrenzte Anzahl"}
{"supermarket":"Aldi", "brand":"Krombacher's", "product_name":"Fassbrause", "variant":"Alkoholfrei; z. T. koffeinhaltig; versch. Sorten", "pack_size":"0.5 L", "unit":"L", "pack_count":null, "price":0.79, "currency":"EUR", "promo_type":null, "compare_price":"Liter = 1.58", "uvp":0.95, "discount_pct":16, "valid_from":"2025-11-13", "valid_to":"2025-11-15", "special_validity":null, "notes":"zzgl. Pfand = 0.25; begrenzte Anzahl"}
{"supermarket":"Aldi", "brand":"Rotkäppchen", "product_name":"Glühwein", "variant":"Aromatisiertes weinhaltiges Getränk", "pack_size":"0.75 L", "unit":"L", "pack_count":null, "price":2.79, "currency":"EUR", "promo_type":null, "compare_price":"Liter = 3.72", "uvp":4.49, "discount_pct":37, "valid_from":"2025-11-13", "valid_to":"2025-11-15", "special_validity":null, "notes":"begrenzte Anzahl"}
{"supermarket":"Aldi", "brand":"Moser Roth", "product_name":"Weihnachtsmann", "variant":"Versch. Sorten", "pack_size":"70 g", "unit":"g", "pack_count":null, "price":1.29, "currency":"EUR", "promo_type":"AKTION", "compare_price":"kg = 18.43", "uvp":null, "discount_pct":null, "valid_from":"2025-11-13", "valid_to":"2025-11-15", "special_validity":null, "notes":"begrenzte Anzahl"}
{"supermarket":"Aldi", "brand":"Lorenz", "product_name":"NicNac's", "variant":"Original", "pack_size":"110 g", "unit":"g", "pack_count":null, "price":0.95, "currency":"EUR", "promo_type":null, "compare_price":"kg = 8.64", "uvp":1.99, "discount_pct":52, "valid_from":"2025-11-15", "valid_to":"2025-11-15", "special_validity":"nur Sa. 15.11.", "notes":"begrenzte Anzahl"}
{"supermarket":"Aldi", "brand":"Biscotto", "product_name":"Gebäck", "variant":"Versch. Sorten", "pack_size":"200 g", "unit":"g", "pack_count":null, "price":1.29, "currency":"EUR", "promo_type":"AKTION", "compare_price":"kg = 6.45", "uvp":null, "discount_pct":null, "valid_from":"2025-11-15", "valid_to":"2025-11-15", "special_validity":"nur Sa. 15.11.", "notes":"begrenzte Anzahl"}
{"supermarket":"Aldi", "brand":"Lipton", "product_name":"Eistee", "variant":"Kalorienarm", "pack_size":"1.25 L", "unit":"L", "pack_count":null, "price":0.99, "currency":"EUR", "promo_type":null, "compare_price":"Liter = 0.79", "uvp":1.89, "discount_pct":47, "valid_from":"2025-11-15", "valid_to":"2025-11-15", "special_validity":"nur Sa. 15.11.", "notes":"zzgl. Pfand = 0.25; begrenzte Anzahl"}
{"supermarket":"Aldi", "brand":"Bresso", "product_name":"Frischkäse", "variant":"Versch. Sorten", "pack_size":"150 g", "unit":"g", "pack_count":null, "price":0.99, "currency":"EUR", "promo_type":null, "compare_price":"kg = 6.60", "uvp":2.39, "discount_pct":58, "valid_from":"2025-11-15", "valid_to":"2025-11-15", "special_validity":"nur Sa. 15.11.", "notes":"begrenzte Anzahl, kann zu bestimmten Zeiten ausverkauft sein"}
{"supermarket":"Aldi", "brand":"Wonnemeyer", "product_name":"Gewürzbutter-Baguette XXL", "variant":"Versch. Sorten; je 2 Stück", "pack_size":"350 g", "unit":"g", "pack_count":2, "price":1.49, "currency":"EUR", "promo_type":"AKTION", "compare_price":"kg = 4.26", "uvp":null, "discount_pct":null, "valid_from":"2025-11-15", "valid_to":"2025-11-15", "special_validity":"nur Sa. 15.11.", "notes":"begrenzte Anzahl"}
{"supermarket":"Aldi", "brand":"Heinz", "product_name":"Ketchup/Mayo", "variant":null, "pack_size":"400 ml", "unit":"ml", "pack_count":null, "price":1.49, "currency":"EUR", "promo_type":null, "compare_price":"Liter = 3.73", "uvp":2.79, "discount_pct":46, "valid_from":"2025-11-15", "valid_to":"2025-11-15", "special_validity":"nur Sa. 15.11.", "notes":"begrenzte Anzahl, kann zu bestimmten Zeiten ausverkauft sein"}
```

-----

# 
```json
{"supermarket":"Aldi", "brand": "WINTERTRAUM", "product_name": "Lebkuchen-Bausatz", "variant": "Hexenhaus zum Selbstbauen und Basteln", "pack_size": "900", "unit": "g", "pack_count": null, "price": 6.99, "currency": "EUR", "promo_type": "AKTION", "compare_price": "kg = 7.77", "uvp": null, "discount_pct": null, "valid_from": "2025-11-10", "valid_to": "2025-11-15", "special_validity": null, "notes": "Aktionsartikel stehen nur in begrenzter Anzahl zur Verfügung."}
{"supermarket":"Aldi", "brand": null, "product_name": "Weihnachtskugel", "variant": "Aus Metall; gefüllt mit Schokopralinen mit Milchcremefüllung; verschiedene Designs", "pack_size": "32", "unit": "g", "pack_count": null, "price": 1.79, "currency": "EUR", "promo_type": "AKTION", "compare_price": "kg = 55.94", "uvp": null, "discount_pct": null, "valid_from": "2025-11-10", "valid_to": "2025-11-15", "special_validity": null, "notes": "Aktionsartikel stehen nur in begrenzter Anzahl zur Verfügung."}
{"supermarket":"Aldi", "brand": "STORCK", "product_name": "merci Winter-Schokolade", "variant": "Limited Edition; Packung enthält versch. Sorten", "pack_size": "250", "unit": "g", "pack_count": null, "price": 3.49, "currency": "EUR", "promo_type": "AKTION", "compare_price": "kg = 13.96", "uvp": null, "discount_pct": null, "valid_from": "2025-11-10", "valid_to": "2025-11-15", "special_validity": null, "notes": "Aktionsartikel stehen nur in begrenzter Anzahl zur Verfügung."}
{"supermarket":"Aldi", "brand": "DR. QUENDT", "product_name": "Stollenbox", "variant": "Traditioneller Dresdner Christstollen; in Scheiben", "pack_size": "560", "unit": "g", "pack_count": null, "price": 5.99, "currency": "EUR", "promo_type": "AKTION", "compare_price": "kg = 10.70", "uvp": null, "discount_pct": null, "valid_from": "2025-11-10", "valid_to": "2025-11-15", "special_validity": null, "notes": "Aktionsartikel stehen nur in begrenzter Anzahl zur Verfügung."}
{"supermarket":"Aldi", "brand": "FERRERO", "product_name": "Kinder Weihnachtsschokolade", "variant": "Versch. Sorten", "pack_size": "20g oder 35g", "unit": null, "pack_count": null, "price": 1.09, "currency": "EUR", "promo_type": "AKTION", "compare_price": "kg = 54.50/31.14", "uvp": null, "discount_pct": null, "valid_from": "2025-11-10", "valid_to": "2025-11-15", "special_validity": null, "notes": "Aktionsartikel stehen nur in begrenzter Anzahl zur Verfügung."}
{"supermarket":"Aldi", "brand": "FERRERO", "product_name": "Rocher/Küsschen", "variant": "Klassik", "pack_size": "250 g bzw. 267 g", "unit": null, "pack_count": null, "price": 5.79, "currency": "EUR", "promo_type": "AKTION", "compare_price": "kg = 23.16/21.69", "uvp": null, "discount_pct": null, "valid_from": "2025-11-10", "valid_to": "2025-11-15", "special_validity": null, "notes": "Aktionsartikel stehen nur in begrenzter Anzahl zur Verfügung."}
{"supermarket":"Aldi", "brand": "FERRERO", "product_name": "Kinder kleine Geschenke", "variant": "Versch. Sorten", "pack_size": "100 g, 107 g oder 153g", "unit": null, "pack_count": null, "price": 3.99, "currency": "EUR", "promo_type": "AKTION", "compare_price": "kg = 39.90/37.29/26.08", "uvp": null, "discount_pct": null, "valid_from": "2025-11-10", "valid_to": "2025-11-15", "special_validity": null, "notes": "Aktionsartikel stehen nur in begrenzter Anzahl zur Verfügung."}
{"supermarket":"Aldi", "brand": "FERRERO", "product_name": "Mon Chéri", "variant": "Likör-Kirsch-Pralinen; enthält Alkohol", "pack_size": "315", "unit": "g", "pack_count": null, "price": 6.49, "currency": "EUR", "promo_type": "AKTION", "compare_price": "kg = 20.60", "uvp": null, "discount_pct": null, "valid_from": "2025-11-10", "valid_to": "2025-11-15", "special_validity": null, "notes": "Aktionsartikel stehen nur in begrenzter Anzahl zur Verfügung."}
{"supermarket":"Aldi", "brand": "FERRERO", "product_name": "Die Besten", "variant": "26 Premium-Spezialitäten; enthält z. T. Alkohol", "pack_size": "269", "unit": "g", "pack_count": null, "price": 6.99, "currency": "EUR", "promo_type": "AKTION", "compare_price": "kg = 25.99", "uvp": null, "discount_pct": null, "valid_from": "2025-11-10", "valid_to": "2025-11-15", "special_validity": null, "notes": "Aktionsartikel stehen nur in begrenzter Anzahl zur Verfügung."}
{"supermarket":"Aldi", "brand": "Coca-Cola", "product_name": "Coca-Cola", "variant": "Versch. Sorten; z. T. koffeinhaltig; z. T. ohne Zucker; zzgl. Pfand = 0.25", "pack_size": "1,25", "unit": "L", "pack_count": null, "price": 0.99, "currency": "EUR", "promo_type": "discount", "compare_price": "Liter = 0.79", "uvp": 1.59, "discount_pct": 37, "valid_from": "2025-11-10", "valid_to": "2025-11-15", "special_validity": null, "notes": "Diese Artikel stehen nur in begrenzter Anzahl zur Verfügung und können zu bestimmten Zeiten der Aktion ausverkauft sein."}
{"supermarket":"Aldi", "brand": "RED BULL", "product_name": "Energydrink", "variant": "Koffein- und taurinhaltig; versch. Sorten; zzgl. Pfand = 0.25", "pack_size": "0,25", "unit": "L", "pack_count": null, "price": 0.89, "currency": "EUR", "promo_type": "AKTION", "compare_price": "Liter = 3.56", "uvp": null, "discount_pct": null, "valid_from": "2025-11-10", "valid_to": "2025-11-15", "special_validity": null, "notes": "Aktionsartikel stehen nur in begrenzter Anzahl zur Verfügung."}
{"supermarket":"Aldi", "brand": "VOLVIC", "product_name": "Naturelle", "variant": "Natürliches Mineralwasser ohne Kohlensäure; zzgl. Pfand = 0.25", "pack_size": "1,5", "unit": "L", "pack_count": null, "price": 0.69, "currency": "EUR", "promo_type": "discount", "compare_price": "Liter = 0.46", "uvp": 1.19, "discount_pct": 42, "valid_from": "2025-11-10", "valid_to": "2025-11-15", "special_validity": null, "notes": "Aktionsartikel stehen nur in begrenzter Anzahl zur Verfügung."}
{"supermarket":"Aldi", "brand": "SEÑORIO DE GAYAN", "product_name": "Gran Reserva Cariñena DOP", "variant": "Trockener spanischer Rotwein", "pack_size": "0,75", "unit": "L", "pack_count": null, "price": 2.49, "currency": "EUR", "promo_type": "AKTION", "compare_price": "Liter = 3.32", "uvp": null, "discount_pct": null, "valid_from": "2025-11-10", "valid_to": "2025-11-15", "special_validity": null, "notes": "Aktionsartikel stehen nur in begrenzter Anzahl zur Verfügung."}
{"supermarket":"Aldi", "brand": "TRADER JOE'S", "product_name": "Kalifornische Pistazien", "variant": "Versch. Sorten", "pack_size": "250", "unit": "g", "pack_count": null, "price": 2.79, "currency": "EUR", "promo_type": "discount", "compare_price": "kg = 11.16", "uvp": 3.49, "discount_pct": 20, "valid_from": "2025-11-10", "valid_to": "2025-11-15", "special_validity": null, "notes": "Diese Artikel stehen nur in begrenzter Anzahl zur Verfügung und können zu bestimmten Zeiten der Aktion ausverkauft sein."}
{"supermarket":"Aldi", "brand": "RIO D'ORO", "product_name": "Fliederbeersaft", "variant": "Aus Holunderbeersaftkonzentrat", "pack_size": "1", "unit": "L", "pack_count": null, "price": 2.69, "currency": "EUR", "promo_type": "AKTION", "compare_price": "Liter = 2.69", "uvp": null, "discount_pct": null, "valid_from": "2025-11-10", "valid_to": "2025-11-15", "special_validity": null, "notes": "Aktionsartikel stehen nur in begrenzter Anzahl zur Verfügung."}
{"supermarket":"Aldi", "brand": "HITCHCOCK", "product_name": "Ingwer-Shots", "variant": "100% Saft; z. T. aus Fruchtsaftkonzentrat; fruchtig-scharf; enthält ca. 10 Shots; versch. Sorten", "pack_size": "0,5", "unit": "L", "pack_count": null, "price": 3.79, "currency": "EUR", "promo_type": "AKTION", "compare_price": "Liter = 7.58", "uvp": null, "discount_pct": null, "valid_from": "2025-11-10", "valid_to": "2025-11-15", "special_validity": null, "notes": "Aktionsartikel stehen nur in begrenzter Anzahl zur Verfügung."}
{"supermarket":"Aldi", "brand": "ELEPHANT", "product_name": "Pretzels", "variant": "Knusprige Brezeln; versch. Sorten", "pack_size": "160g oder 180g", "unit": null, "pack_count": null, "price": 1.69, "currency": "EUR", "promo_type": "discount", "compare_price": "kg = 10.56/9.39", "uvp": 1.99, "discount_pct": 15, "valid_from": "2025-11-10", "valid_to": "2025-11-15", "special_validity": null, "notes": "Aktionsartikel stehen nur in begrenzter Anzahl zur Verfügung."}
{"supermarket":"Aldi", "brand": "STORCK", "product_name": "Knoppers Riegel", "variant": "Versch. Sorten", "pack_size": "200", "unit": "g", "pack_count": 5, "price": 1.69, "currency": "EUR", "promo_type": "discount", "compare_price": "kg = 8.45", "uvp": 2.49, "discount_pct": 32, "valid_from": "2025-11-10", "valid_to": "2025-11-15", "special_validity": null, "notes": "Diese Artikel stehen nur in begrenzter Anzahl zur Verfügung und können zu bestimmten Zeiten der Aktion ausverkauft sein."}
{"supermarket":"Aldi", "brand": "RITTER SPORT", "product_name": "Mini-Mix", "variant": "Versch. Sorten", "pack_size": "116 g oder 150 g", "unit": null, "pack_count": null, "price": 2.49, "currency": "EUR", "promo_type": "discount", "compare_price": "kg = 21.47/16.60", "uvp": 3.59, "discount_pct": 30, "valid_from": "2025-11-10", "valid_to": "2025-11-15", "special_validity": null, "notes": "Aktionsartikel stehen nur in begrenzter Anzahl zur Verfügung."}
{"supermarket":"Aldi", "brand": "Persil", "product_name": "Waschmittel", "variant": "In den Sorten Color oder Universal; Discs, für 16 Anwendungen, Pulver, für 20 Anwendungen, oder Gel, für 20 Anwendungen", "pack_size": null, "unit": "Packung/Flasche", "pack_count": null, "price": 4.99, "currency": "EUR", "promo_type": "discount", "compare_price": "Anwendung = 0.31/0.25", "uvp": 5.99, "discount_pct": 16, "valid_from": "2025-11-10", "valid_to": "2025-11-15", "special_validity": null, "notes": "Aktionsartikel stehen nur in begrenzter Anzahl zur Verfügung."}
{"supermarket":"Aldi", "brand": "SHEBA/WHISKAS", "product_name": "Katzenfutter", "variant": "Alleinfuttermittel; Sheba 32x85 g bzw. Whiskas, 48 x 85 g; je verschiedene Sorten", "pack_size": null, "unit": "Packung", "pack_count": null, "price": 13.99, "currency": "EUR", "promo_type": "AKTION", "compare_price": "kg = 5.14/3.43", "uvp": null, "discount_pct": null, "valid_from": "2025-11-10", "valid_to": "2025-11-15", "special_validity": null, "notes": "Aktionsartikel stehen nur in begrenzter Anzahl zur Verfügung."}
{"supermarket":"Aldi", "brand": "FELIX", "product_name": "Knabber-Mix", "variant": "Ergänzungsfuttermittel für ausgewachsene Katzen; verschiedene Sorten", "pack_size": "200", "unit": "g", "pack_count": null, "price": 2.99, "currency": "EUR", "promo_type": "discount", "compare_price": "kg = 14.95", "uvp": 3.49, "discount_pct": 14, "valid_from": "2025-11-10", "valid_to": "2025-11-15", "special_validity": null, "notes": "Diese Artikel stehen nur in begrenzter Anzahl zur Verfügung und können zu bestimmten Zeiten der Aktion ausverkauft sein."}
{"supermarket":"Aldi", "brand": "LENOR", "product_name": "Wäscheparfüm", "variant": "Verschiedene Sorten", "pack_size": "275", "unit": "g", "pack_count": null, "price": 4.99, "currency": "EUR", "promo_type": "discount", "compare_price": "kg = 18.15", "uvp": 6.29, "discount_pct": 20, "valid_from": "2025-11-10", "valid_to": "2025-11-15", "special_validity": null, "notes": "Aktionsartikel stehen nur in begrenzter Anzahl zur Verfügung."}
{"supermarket":"Aldi", "brand": "KOKETT", "product_name": "Toilettenpapier", "variant": "3-lagig; soft und saugstark", "pack_size": "8x180-Blatt", "unit": "Packung", "pack_count": null, "price": 2.89, "currency": "EUR", "promo_type": "AKTION", "compare_price": "100 Blatt = 0.20", "uvp": null, "discount_pct": null, "valid_from": "2025-11-10", "valid_to": "2025-11-15", "special_validity": null, "notes": "Aktionsartikel stehen nur in begrenzter Anzahl zur Verfügung."}
{"supermarket":"Aldi", "brand": "DOMESTOS", "product_name": "WC-Steine Power 5 XXL", "variant": "Verschiedene Sorten", "pack_size": "5x55", "unit": "g", "pack_count": null, "price": 4.99, "currency": "EUR", "promo_type": "AKTION", "compare_price": "kg = 18.15", "uvp": null, "discount_pct": null, "valid_from": "2025-11-10", "valid_to": "2025-11-15", "special_validity": null, "notes": "Aktionsartikel stehen nur in begrenzter Anzahl zur Verfügung."}
{"supermarket":"Aldi", "brand": "SAGROTAN", "product_name": "Reiniger", "variant": "Entfernt 99,9% der Bakterien; verschiedene Sorten", "pack_size": "750", "unit": "ml", "pack_count": null, "price": 2.79, "currency": "EUR", "promo_type": "discount", "compare_price": "Liter = 3.72", "uvp": 3.79, "discount_pct": 26, "valid_from": "2025-11-10", "valid_to": "2025-11-15", "special_validity": null, "notes": "Aktionsartikel stehen nur in begrenzter Anzahl zur Verfügung. Biozid-Produkte vorsichtig verwenden."}
{"supermarket":"Aldi", "brand": "KOKETT", "product_name": "Küchenrollen", "variant": "Limited Edition; 3-lagig; extrasaugstark und reißfest", "pack_size": "8x60-Blatt", "unit": "Packung", "pack_count": null, "price": 4.59, "currency": "EUR", "promo_type": "AKTION", "compare_price": "100 Blatt = 0.96", "uvp": null, "discount_pct": null, "valid_from": "2025-11-10", "valid_to": "2025-11-15", "special_validity": null, "notes": "Aktionsartikel stehen nur in begrenzter Anzahl zur Verfügung."}
{"supermarket":"Aldi", "brand": "AXE", "product_name": "Deospray", "variant": "Verschiedene Sorten", "pack_size": "150", "unit": "ml", "pack_count": null, "price": 3.95, "currency": "EUR", "promo_type": "TIEFPREIS", "compare_price": "Liter = 26.33", "uvp": null, "discount_pct": null, "valid_from": "2025-11-10", "valid_to": "2025-11-15", "special_validity": null, "notes": "Aktionsartikel stehen nur in begrenzter Anzahl zur Verfügung."}
{"supermarket":"Aldi", "brand": "LACURA", "product_name": "Deospray", "variant": "Verschiedene Sorten", "pack_size": "200", "unit": "ml", "pack_count": null, "price": 0.95, "currency": "EUR", "promo_type": "TIEFPREIS", "compare_price": "Liter = 4.75", "uvp": null, "discount_pct": null, "valid_from": "2025-11-10", "valid_to": "2025-11-15", "special_validity": null, "notes": "Aktionsartikel stehen nur in begrenzter Anzahl zur Verfügung."}
{"supermarket":"Aldi", "brand": "ALPENSCHMAUS", "product_name": "Griebenschmalz", "variant": "Versch. Sorten", "pack_size": "100", "unit": "g", "pack_count": null, "price": 0.99, "currency": "EUR", "promo_type": "AKTION", "compare_price": "kg = 9.90", "uvp": null, "discount_pct": null, "valid_from": "2025-11-10", "valid_to": "2025-11-15", "special_validity": null, "notes": "Aktionsartikel stehen nur in begrenzter Anzahl zur Verfügung."}
{"supermarket":"Aldi", "brand": "ALPENSCHMAUS", "product_name": "Bayerischer Leberkäs", "variant": "Zum Fertigbacken", "pack_size": "1", "unit": "kg", "pack_count": null, "price": 6.49, "currency": "EUR", "promo_type": "AKTION", "compare_price": "kg = 6.49", "uvp": null, "discount_pct": null, "valid_from": "2025-11-10", "valid_to": "2025-11-15", "special_validity": null, "notes": "Aktionsartikel stehen nur in begrenzter Anzahl zur Verfügung."}
{"supermarket":"Aldi", "brand": "ALPENSCHMAUS", "product_name": "Münchner Weißwürste XXL", "variant": "10 Weißwürste, 600g, und 6 Beutel süßer Senf, 108g", "pack_size": "708", "unit": "g", "pack_count": 10, "price": 4.79, "currency": "EUR", "promo_type": "AKTION", "compare_price": "kg = 6.77", "uvp": null, "discount_pct": null, "valid_from": "2025-11-10", "valid_to": "2025-11-15", "special_validity": null, "notes": "Aktionsartikel stehen nur in begrenzter Anzahl zur Verfügung."}
{"supermarket":"Aldi", "brand": "MEINE KÄSETHEKE", "product_name": "Käsefondue", "variant": "Versch. Sorten; enthält z. T. Alkohol", "pack_size": "400", "unit": "g", "pack_count": null, "price": 2.99, "currency": "EUR", "promo_type": "AKTION", "compare_price": "kg = 7.48", "uvp": null, "discount_pct": null, "valid_from": "2025-11-10", "valid_to": "2025-11-15", "special_validity": null, "notes": "Aktionsartikel stehen nur in begrenzter Anzahl zur Verfügung."}
{"supermarket":"Aldi", "brand": "ALPENSCHMAUS", "product_name": "Hauswurzen", "variant": "Versch. Sorten", "pack_size": "137", "unit": "g", "pack_count": null, "price": 1.89, "currency": "EUR", "promo_type": "AKTION", "compare_price": "kg = 13.80", "uvp": null, "discount_pct": null, "valid_from": "2025-11-10", "valid_to": "2025-11-15", "special_validity": null, "notes": "Aktionsartikel stehen nur in begrenzter Anzahl zur Verfügung."}
{"supermarket":"Aldi", "brand": "ALPENSCHMAUS", "product_name": "Münchner Weißwürste", "variant": "Abtropfgewicht (ATG) = 250 g", "pack_size": "520", "unit": "g", "pack_count": null, "price": 2.29, "currency": "EUR", "promo_type": "AKTION", "compare_price": "kg = 9.16 ATG", "uvp": null, "discount_pct": null, "valid_from": "2025-11-10", "valid_to": "2025-11-15", "special_validity": null, "notes": "Aktionsartikel stehen nur in begrenzter Anzahl zur Verfügung."}
{"supermarket":"Aldi", "brand": "ALPENSCHMAUS", "product_name": "Tiroler Speck hauchfein", "variant": "Versch. Sorten", "pack_size": "100", "unit": "g", "pack_count": null, "price": 1.99, "currency": "EUR", "promo_type": "AKTION", "compare_price": "kg = 19.90", "uvp": null, "discount_pct": null, "valid_from": "2025-11-10", "valid_to": "2025-11-15", "special_validity": null, "notes": "Aktionsartikel stehen nur in begrenzter Anzahl zur Verfügung."}
{"supermarket":"Aldi", "brand": "ALPENSCHMAUS", "product_name": "Tiroler Speck g. g. A.", "variant": "Versch. Sorten", "pack_size": "350", "unit": "g", "pack_count": null, "price": 4.99, "currency": "EUR", "promo_type": "AKTION", "compare_price": "kg = 14.26", "uvp": null, "discount_pct": null, "valid_from": "2025-11-10", "valid_to": "2025-11-15", "special_validity": null, "notes": "Aktionsartikel stehen nur in begrenzter Anzahl zur Verfügung."}
{"supermarket":"Aldi", "brand": "ALPENSCHMAUS", "product_name": "Schlachte-Mett", "variant": "Versch. Sorten", "pack_size": "250", "unit": "g", "pack_count": null, "price": 2.39, "currency": "EUR", "promo_type": "AKTION", "compare_price": "kg = 9.56", "uvp": null, "discount_pct": null, "valid_from": "2025-11-10", "valid_to": "2025-11-15", "special_validity": null, "notes": "Aktionsartikel stehen nur in begrenzter Anzahl zur Verfügung."}
{"supermarket":"Aldi", "brand": "ALPENSCHMAUS", "product_name": "Grillhaxe", "variant": "Mit Schwarte; vorgegart", "pack_size": "500", "unit": "g", "pack_count": null, "price": 3.29, "currency": "EUR", "promo_type": "AKTION", "compare_price": "kg = 6.58", "uvp": null, "discount_pct": null, "valid_from": "2025-11-10", "valid_to": "2025-11-15", "special_validity": null, "notes": "Aktionsartikel stehen nur in begrenzter Anzahl zur Verfügung."}
{"supermarket":"Aldi", "brand": "ALPENSCHMAUS", "product_name": "Mini-Haxen", "variant": "Nach bayerischer Art; gegart", "pack_size": "750", "unit": "g", "pack_count": null, "price": 6.99, "currency": "EUR", "promo_type": "AKTION", "compare_price": "kg = 9.32", "uvp": null, "discount_pct": null, "valid_from": "2025-11-10", "valid_to": "2025-11-15", "special_validity": null, "notes": "Aktionsartikel stehen nur in begrenzter Anzahl zur Verfügung."}
{"supermarket":"Aldi", "brand": "ALPENSCHMAUS", "product_name": "Halbes Hähnchen", "variant": "Gegart; tafelfertig; vakuumverpackt", "pack_size": "350", "unit": "g", "pack_count": null, "price": 3.39, "currency": "EUR", "promo_type": "AKTION", "compare_price": "kg = 9.69", "uvp": null, "discount_pct": null, "valid_from": "2025-11-10", "valid_to": "2025-11-15", "special_validity": null, "notes": "Aktionsartikel stehen nur in begrenzter Anzahl zur Verfügung."}
{"supermarket":"Aldi", "brand": "ALPENSCHMAUS", "product_name": "Rösti-Toast", "variant": "Versch. Sorten; je 2 Stück", "pack_size": "400", "unit": "g", "pack_count": 2, "price": 3.99, "currency": "EUR", "promo_type": "AKTION", "compare_price": "kg = 9.98", "uvp": null, "discount_pct": null, "valid_from": "2025-11-10", "valid_to": "2025-11-15", "special_validity": null, "notes": "Aktionsartikel stehen nur in begrenzter Anzahl zur Verfügung."}
{"supermarket":"Aldi", "brand": "ALPENSCHMAUS", "product_name": "Brezelino", "variant": "Laugengebäck; versch. Sorten", "pack_size": "150", "unit": "g", "pack_count": null, "price": 1.79, "currency": "EUR", "promo_type": "AKTION", "compare_price": "kg = 11.93", "uvp": null, "discount_pct": null, "valid_from": "2025-11-10", "valid_to": "2025-11-15", "special_validity": null, "notes": "Aktionsartikel stehen nur in begrenzter Anzahl zur Verfügung."}
{"supermarket":"Aldi", "brand": "ALPENSCHMAUS", "product_name": "Back-Käse", "variant": "Versch. Sorten; je 200 g, und Dip, 50 g", "pack_size": "250", "unit": "g", "pack_count": null, "price": 2.49, "currency": "EUR", "promo_type": "AKTION", "compare_price": "kg = 9.96", "uvp": null, "discount_pct": null, "valid_from": "2025-11-10", "valid_to": "2025-11-15", "special_validity": null, "notes": "Aktionsartikel stehen nur in begrenzter Anzahl zur Verfügung."}
{"supermarket":"Aldi", "brand": "ALPENHAIN", "product_name": "Obazda", "variant": "Versch. Sorten", "pack_size": "125", "unit": "g", "pack_count": null, "price": 1.49, "currency": "EUR", "promo_type": "discount", "compare_price": "kg = 11.92", "uvp": 2.29, "discount_pct": 34, "valid_from": "2025-11-10", "valid_to": "2025-11-15", "special_validity": null, "notes": "Aktionsartikel stehen nur in begrenzter Anzahl zur Verfügung."}
{"supermarket":"Aldi", "brand": "ALPENSCHMAUS", "product_name": "Gebrannte Jahrmarktsnüsse", "variant": "Versch. Sorten", "pack_size": "200", "unit": "g", "pack_count": null, "price": 1.99, "currency": "EUR", "promo_type": "AKTION", "compare_price": "kg = 9.95", "uvp": null, "discount_pct": null, "valid_from": "2025-11-10", "valid_to": "2025-11-15", "special_validity": null, "notes": "Aktionsartikel stehen nur in begrenzter Anzahl zur Verfügung."}
{"supermarket":"Aldi", "brand": null, "product_name": "Dunkler Rumtopf", "variant": "Früchte in Alkohol; 12% Vol.", "pack_size": "1700", "unit": "g", "pack_count": null, "price": 10.99, "currency": "EUR", "promo_type": "AKTION", "compare_price": "kg = 6.46", "uvp": null, "discount_pct": null, "valid_from": "2025-11-10", "valid_to": "2025-11-15", "special_validity": null, "notes": "Aktionsartikel stehen nur in begrenzter Anzahl zur Verfügung."}
{"supermarket":"Aldi", "brand": "BARISSIMO", "product_name": "Schümli Kaffee", "variant": "Ganze Bohnen; nach Schweizer Art; versch. Sorten", "pack_size": "1", "unit": "kg", "pack_count": null, "price": 12.99, "currency": "EUR", "promo_type": "AKTION", "compare_price": null, "uvp": null, "discount_pct": null, "valid_from": "2025-11-10", "valid_to": "2025-11-15", "special_validity": null, "notes": "Aktionsartikel stehen nur in begrenzter Anzahl zur Verfügung."}
{"supermarket":"Aldi", "brand": "ALPENSCHMAUS", "product_name": "Apfelstrudel", "variant": "Zarter Blätterteig; gefüllt mit Apfelstückchen und Rosinen", "pack_size": "600", "unit": "g", "pack_count": null, "price": 1.99, "currency": "EUR", "promo_type": "AKTION", "compare_price": "kg = 3.32", "uvp": null, "discount_pct": null, "valid_from": "2025-11-10", "valid_to": "2025-11-15", "special_validity": null, "notes": "Aktionsartikel stehen nur in begrenzter Anzahl zur Verfügung."}
{"supermarket":"Aldi", "brand": "ALPENSCHMAUS", "product_name": "Süßspeise", "variant": "Alpenländische Spezialität; versch. Sorten", "pack_size": "300", "unit": "g", "pack_count": null, "price": 2.49, "currency": "EUR", "promo_type": "AKTION", "compare_price": "kg = 8.30", "uvp": null, "discount_pct": null, "valid_from": "2025-11-10", "valid_to": "2025-11-15", "special_validity": null, "notes": "Aktionsartikel stehen nur in begrenzter Anzahl zur Verfügung."}
{"supermarket":"Aldi", "brand": "ALPENSCHMAUS", "product_name": "Schokolierte Brezeln", "variant": "Leicht gesalzen; versch. Sorten", "pack_size": "140", "unit": "g", "pack_count": null, "price": 1.79, "currency": "EUR", "promo_type": "AKTION", "compare_price": "kg = 12.79", "uvp": null, "discount_pct": null, "valid_from": "2025-11-10", "valid_to": "2025-11-15", "special_validity": null, "notes": "Aktionsartikel stehen nur in begrenzter Anzahl zur Verfügung."}
{"supermarket":"Aldi", "brand": "ALPENSCHMAUS", "product_name": "Waffelmix-Eimer", "variant": "Schaumzuckerware mit Waffeln, kakaohaltiger und weißer Fettglasur", "pack_size": "600", "unit": "g", "pack_count": null, "price": 3.79, "currency": "EUR", "promo_type": "AKTION", "compare_price": "kg = 6.32", "uvp": null, "discount_pct": null, "valid_from": "2025-11-10", "valid_to": "2025-11-15", "special_validity": null, "notes": "Aktionsartikel stehen nur in begrenzter Anzahl zur Verfügung."}
{"supermarket":"Aldi", "brand": "RIVER", "product_name": "Kräuterlimo", "variant": "Erfrischungsgetränk; zzgl. Pfand = 0.25", "pack_size": "1", "unit": "L", "pack_count": null, "price": 0.49, "currency": "EUR", "promo_type": "AKTION", "compare_price": "Liter = 0.49", "uvp": null, "discount_pct": null, "valid_from": "2025-11-10", "valid_to": "2025-11-15", "special_validity": null, "notes": "Aktionsartikel stehen nur in begrenzter Anzahl zur Verfügung."}
{"supermarket":"Aldi", "brand": "CHOCEUR", "product_name": "Schokobecher", "variant": "Mini-Becher aus Zartbitterschokolade; 12 Stück", "pack_size": "125", "unit": "g", "pack_count": 12, "price": 2.49, "currency": "EUR", "promo_type": "AKTION", "compare_price": "kg = 19.92", "uvp": null, "discount_pct": null, "valid_from": "2025-11-10", "valid_to": "2025-11-15", "special_validity": null, "notes": "Aktionsartikel stehen nur in begrenzter Anzahl zur Verfügung."}
{"supermarket":"Aldi", "brand": "BASTEI", "product_name": "Eierpunsch", "variant": "Verfeinert mit Jamaika-Rum und winterlichen Gewürzen; 16% Vol.", "pack_size": "0,7", "unit": "L", "pack_count": null, "price": 5.99, "currency": "EUR", "promo_type": "AKTION", "compare_price": "Liter = 8.56", "uvp": null, "discount_pct": null, "valid_from": "2025-11-10", "valid_to": "2025-11-15", "special_validity": null, "notes": "Aktionsartikel stehen nur in begrenzter Anzahl zur Verfügung."}
{"supermarket":"Aldi", "brand": "Paulaner", "product_name": "Weißbier", "variant": "Versch. Sorten; z. T. ohne Alkohol; zzgl. Pfand = 0.25", "pack_size": "0,5", "unit": "L", "pack_count": null, "price": 0.79, "currency": "EUR", "promo_type": "discount", "compare_price": "Liter = 1.58", "uvp": 1.15, "discount_pct": 31, "valid_from": "2025-11-10", "valid_to": "2025-11-15", "special_validity": null, "notes": "Aktionsartikel stehen nur in begrenzter Anzahl zur Verfügung."}
{"supermarket":"Aldi", "brand": null, "product_name": "Südtiroler Obstbrand", "variant": "Versch. Sorten; 40% Vol.", "pack_size": "0,5", "unit": "L", "pack_count": null, "price": 10.99, "currency": "EUR", "promo_type": "AKTION", "compare_price": "Liter = 21.98", "uvp": null, "discount_pct": null, "valid_from": "2025-11-10", "valid_to": "2025-11-15", "special_validity": null, "notes": "Aktionsartikel stehen nur in begrenzter Anzahl zur Verfügung."}
{"supermarket":"Aldi", "brand": "WILDBRUNNER", "product_name": "Blutwurzel-Likör", "variant": "Typisch bayerischer Kräuterlikör; in der Tonflasche; 50% Vol.", "pack_size": "0,7", "unit": "L", "pack_count": null, "price": 10.99, "currency": "EUR", "promo_type": "AKTION", "compare_price": "Liter = 15.70", "uvp": null, "discount_pct": null, "valid_from": "2025-11-10", "valid_to": "2025-11-15", "special_validity": null, "notes": "Aktionsartikel stehen nur in begrenzter Anzahl zur Verfügung."}
{"supermarket":"Aldi", "brand": null, "product_name": "Abreiß-/ Postkartenkalender", "variant": "Abreißkalender mit Wissenswertem oder Postkartenkalender mit 53 Postkarten zum Abtrennen; Exemplar", "pack_size": null, "unit": null, "pack_count": 1, "price": 3.99, "currency": "EUR", "promo_type": null, "compare_price": null, "uvp": null, "discount_pct": null, "valid_from": "2025-11-10", "valid_to": "2025-11-15", "special_validity": "ab Mo. 10.11.", "notes": "Aktionsartikel stehen nur in begrenzter Anzahl zur Verfügung."}
{"supermarket":"Aldi", "brand": null, "product_name": "Office-Kalender", "variant": "Set, bestehend aus Tagesplaner, BxL: ca. 14,8x21 cm, und Wochenplaner, ca. 9 x 16 cm", "pack_size": null, "unit": "2er-Set", "pack_count": 2, "price": 3.99, "currency": "EUR", "promo_type": null, "compare_price": null, "uvp": null, "discount_pct": null, "valid_from": "2025-11-10", "valid_to": "2025-11-15", "special_validity": "ab Mo. 10.11.", "notes": "Aktionsartikel stehen nur in begrenzter Anzahl zur Verfügung."}
{"supermarket":"Aldi", "brand": null, "product_name": "Deko-Wand-/ Wochenkalender", "variant": "Deko-Wandkalender, BxL: ca. 50x52 cm, oder Wochenkalender, BxL: ca. 24x32cm; verschiedene Motive; Exemplar", "pack_size": null, "unit": null, "pack_count": 1, "price": 4.99, "currency": "EUR", "promo_type": null, "compare_price": null, "uvp": null, "discount_pct": null, "valid_from": "2025-11-10", "valid_to": "2025-11-15", "special_validity": "ab Mo. 10.11.", "notes": "Aktionsartikel stehen nur in begrenzter Anzahl zur Verfügung."}
{"supermarket":"Aldi", "brand": "GARDENLINE", "product_name": "Guzmanie/Vriesea", "variant": "Im 12-cm-Kulturtopf; ca. 35-55 cm hoch; verschiedene Farben", "pack_size": null, "unit": "Pflanze", "pack_count": 1, "price": 4.49, "currency": "EUR", "promo_type": null, "compare_price": null, "uvp": null, "discount_pct": null, "valid_from": "2025-11-10", "valid_to": "2025-11-15", "special_validity": "ab Mo. 10.11.", "notes": "Aktionsartikel stehen nur in begrenzter Anzahl zur Verfügung."}
{"supermarket":"Aldi", "brand": "GARDENLINE", "product_name": "Zuckerhut-fichte", "variant": "Im 19-cm-Kulturtopf; ca.65-75 cm hoch; winterhart; topfgewachsen; ideal zum Schmücken", "pack_size": null, "unit": "Pflanze", "pack_count": 1, "price": 6.99, "currency": "EUR", "promo_type": null, "compare_price": null, "uvp": null, "discount_pct": null, "valid_from": "2025-11-10", "valid_to": "2025-11-15", "special_validity": "ab Mo. 10.11.", "notes": "Aktionsartikel stehen nur in begrenzter Anzahl zur Verfügung."}
{"supermarket":"Aldi", "brand": "GARDENLINE", "product_name": "Amaryllis", "variant": "Ca. 50 cm lang; mit Palmblatt und Eukalyptus", "pack_size": null, "unit": "Bund", "pack_count": 1, "price": 2.49, "currency": "EUR", "promo_type": null, "compare_price": null, "uvp": null, "discount_pct": null, "valid_from": "2025-11-10", "valid_to": "2025-11-15", "special_validity": "ab Mo. 10.11.", "notes": "Aktionsartikel stehen nur in begrenzter Anzahl zur Verfügung."}
{"supermarket":"Aldi", "brand": "ALDI FOTO", "product_name": "Fotobuch A4", "variant": "Hardcover, Digitaldruck, 24 Seiten", "pack_size": null, "unit": null, "pack_count": 1, "price": 7.99, "currency": "EUR", "promo_type": "discount", "compare_price": null, "uvp": 9.99, "discount_pct": 20, "valid_from": "2025-11-10", "valid_to": "2025-12-26", "special_validity": "Angebot gültig bis zum 26.12.2025", "notes": "Angebot gültig bis zum 26.12.2025 auf das Fotobuch A4 Hardcover Digitaldruck inkl. 24 Seiten. Kein Rabatt auf Extraseiten, andere Papiertypen und Bindungen."}
{"supermarket":"Aldi", "brand": "ADVENTURIDGE", "product_name": "Fleecejacke", "variant": "100% Polyester; Damen S-L, Herren M-XXL", "pack_size": null, "unit": "Stück", "pack_count": 1, "price": 14.99, "currency": "EUR", "promo_type": null, "compare_price": null, "uvp": null, "discount_pct": null, "valid_from": "2025-11-10", "valid_to": "2025-11-15", "special_validity": "ab Mo. 10.11.", "notes": "Aktionsartikel stehen nur in begrenzter Anzahl zur Verfügung."}
{"supermarket":"Aldi", "brand": "ADVENTURIDGE", "product_name": "Outdoorhose", "variant": "Obermaterial 92% Polyester (recycelt), 8% Elasthan, ausgerüstet mit BIONIC FINISH® ECO; innen 100% Polyester (recycelt); Damen S-L, Herren M-XL", "pack_size": null, "unit": "Stück", "pack_count": 1, "price": 14.99, "currency": "EUR", "promo_type": null, "compare_price": null, "uvp": null, "discount_pct": null, "valid_from": "2025-11-10", "valid_to": "2025-11-15", "special_validity": "ab Mo. 10.11.", "notes": "Aktionsartikel stehen nur in begrenzter Anzahl zur Verfügung."}
{"supermarket":"Aldi", "brand": "ADVENTURIDGE", "product_name": "Outdoorstiefel", "variant": "Obermaterial Polyester kombiniert mit wasserbasiertem PU und PU-Hotprint; Futter Polyester; Decksohle Memory-Foam kaschiert; Phylon/TPR-Laufsohle; Schockabsorber im Fersenbereich; 38-44", "pack_size": null, "unit": "Paar", "pack_count": 1, "price": 19.99, "currency": "EUR", "promo_type": null, "compare_price": null, "uvp": null, "discount_pct": null, "valid_from": "2025-11-10", "valid_to": "2025-11-15", "special_validity": "ab Mo. 10.11.", "notes": "Aktionsartikel stehen nur in begrenzter Anzahl zur Verfügung."}
{"supermarket":"Aldi", "brand": "UP2FASHION", "product_name": "Leder-Einlegesohlen", "variant": "Oberseite echtes Schafleder mit Naturgerbung; anatomisch geformtes Fußbett zur Stabilisierung des Fußes; 36/37-44/45", "pack_size": null, "unit": "Paar", "pack_count": 1, "price": 4.99, "currency": "EUR", "promo_type": null, "compare_price": null, "uvp": null, "discount_pct": null, "valid_from": "2025-11-10", "valid_to": "2025-11-15", "special_validity": "ab Mo. 10.11.", "notes": "Aktionsartikel stehen nur in begrenzter Anzahl zur Verfügung."}
{"supermarket":"Aldi", "brand": "UP2FASHION", "product_name": "Boots", "variant": "Obermaterial Synthetik; innen weiches Textil; TPR-Laufsohle; seitlicher Reißverschluss; 37-41", "pack_size": null, "unit": "Paar", "pack_count": 1, "price": 17.99, "currency": "EUR", "promo_type": null, "compare_price": null, "uvp": null, "discount_pct": null, "valid_from": "2025-11-10", "valid_to": "2025-11-15", "special_validity": "ab Mo. 10.11.", "notes": "Aktionsartikel stehen nur in begrenzter Anzahl zur Verfügung."}
{"supermarket":"Aldi", "brand": "UP2FASHION", "product_name": "Frottee-Socken", "variant": "88% Baumwolle, 11% Polyamid, 1% Elasthan (LYCRA®); 35/38-43/46", "pack_size": null, "unit": "Paar", "pack_count": 2, "price": 3.99, "currency": "EUR", "promo_type": null, "compare_price": null, "uvp": null, "discount_pct": null, "valid_from": "2025-11-10", "valid_to": "2025-11-15", "special_validity": "ab Mo. 10.11.", "notes": "Aktionsartikel stehen nur in begrenzter Anzahl zur Verfügung."}
```

-----

# 
```json
{"supermarket":"Aldi", "brand": "UP2FASHION", "product_name": "Pullover/ Cardigan", "variant": "Relaxed fit; 74% Polyacryl, 17% Polyester, 9% Polyamid; Größen: 48/50-56/58", "pack_size": null, "unit": "Stück", "pack_count": 1, "price": 12.99, "currency": "EUR", "promo_type": null, "compare_price": null, "uvp": null, "discount_pct": null, "valid_from": "2025-11-10", "valid_to": "2025-11-15", "special_validity": null, "notes": "begrenzte Anzahl"}
```
```json
{"supermarket":"Aldi", "brand": "UP2FASHION", "product_name": "Joggpants", "variant": "Straight fit / Tapered fit; Verschiedene Materialzusammensetzungen; Größen: 48/50-56/58", "pack_size": null, "unit": "Stück", "pack_count": 1, "price": 11.99, "currency": "EUR", "promo_type": null, "compare_price": null, "uvp": null, "discount_pct": null, "valid_from": "2025-11-10", "valid_to": "2025-11-15", "special_validity": null, "notes": "begrenzte Anzahl"}
```
```json
{"supermarket":"Aldi", "brand": "UP2FASHION", "product_name": "Pyjama", "variant": "Reine Baumwolle; Größen: 48/50-56/58", "pack_size": null, "unit": "Garnitur", "pack_count": 1, "price": 12.99, "currency": "EUR", "promo_type": null, "compare_price": null, "uvp": null, "discount_pct": null, "valid_from": "2025-11-10", "valid_to": "2025-11-15", "special_validity": null, "notes": "begrenzte Anzahl"}
```
```json
{"supermarket":"Aldi", "brand": "LILY & DAN", "product_name": "Outdoorhose", "variant": "Obermaterial 100% Polyester, wasserabweisend ausgerüstet durch Teflon EcoElite™; Besatz, Futter und Watte 100% Polyester; Größen: 86/92-110/116", "pack_size": null, "unit": "Stück", "pack_count": 1, "price": 12.99, "currency": "EUR", "promo_type": null, "compare_price": null, "uvp": null, "discount_pct": null, "valid_from": "2025-11-10", "valid_to": "2025-11-15", "special_validity": null, "notes": "begrenzte Anzahl"}
```
```json
{"supermarket":"Aldi", "brand": "LILY & DAN", "product_name": "Thermo-stiefel", "variant": "wasserabweisend; Größen: 23-29", "pack_size": null, "unit": "Paar", "pack_count": 1, "price": 9.99, "currency": "EUR", "promo_type": null, "compare_price": null, "uvp": null, "discount_pct": null, "valid_from": "2025-11-10", "valid_to": "2025-11-15", "special_validity": null, "notes": "begrenzte Anzahl"}
```
```json
{"supermarket":"Aldi", "brand": "LILY & DAN", "product_name": "Cordhose", "variant": "Relaxed fit; Reine Baumwolle; Größen: 92-116", "pack_size": null, "unit": "Stück", "pack_count": 1, "price": 6.99, "currency": "EUR", "promo_type": null, "compare_price": null, "uvp": null, "discount_pct": null, "valid_from": "2025-11-10", "valid_to": "2025-11-15", "special_validity": null, "notes": "begrenzte Anzahl"}
```
```json
{"supermarket":"Aldi", "brand": "WORKZONE", "product_name": "Verlängerungskabel", "variant": "Länge: ca. 10 m; IP44; mit Gummiabdeckung", "pack_size": null, "unit": "Stück", "pack_count": 1, "price": 9.99, "currency": "EUR", "promo_type": null, "compare_price": null, "uvp": null, "discount_pct": null, "valid_from": "2025-11-10", "valid_to": "2025-11-15", "special_validity": null, "notes": "begrenzte Anzahl"}
```
```json
{"supermarket":"Aldi", "brand": "WORKZONE", "product_name": "Sicherheitsleiter", "variant": "4 Stufen (inkl. Plattform); max. Belastbarkeit: ca. 150 kg; max. Arbeitshöhe: ca. 2,82 m", "pack_size": null, "unit": "Stück", "pack_count": 1, "price": 39.99, "currency": "EUR", "promo_type": null, "compare_price": null, "uvp": null, "discount_pct": null, "valid_from": "2025-11-10", "valid_to": "2025-11-15", "special_validity": null, "notes": "begrenzte Anzahl"}
```
```json
{"supermarket":"Aldi", "brand": "HOME CREATION", "product_name": "Outdoor-Türmatte", "variant": "Verschiedene Designs; Größen: ca. 50 x 75 cm oder ca. 57 x 75 cm", "pack_size": null, "unit": "Stück", "pack_count": 1, "price": 12.99, "currency": "EUR", "promo_type": null, "compare_price": null, "uvp": null, "discount_pct": null, "valid_from": "2025-11-10", "valid_to": "2025-11-15", "special_validity": null, "notes": "begrenzte Anzahl"}
```
```json
{"supermarket":"Aldi", "brand": "CASALUX", "product_name": "LED-Leuchtmittel", "variant": "nicht dimmbar; warmweiß: 2.700 K; Sorten: E14 (470 lm), E27 (470 lm), E27 (806 lm)", "pack_size": null, "unit": "Packung", "pack_count": 2, "price": 1.99, "currency": "EUR", "promo_type": null, "compare_price": null, "uvp": null, "discount_pct": null, "valid_from": "2025-11-10", "valid_to": "2025-11-15", "special_validity": null, "notes": "begrenzte Anzahl"}
```
```json
{"supermarket":"Aldi", "brand": "CASALUX", "product_name": "LED-Leuchtmittel", "variant": "nicht dimmbar; Sorten: E14 (250 lm), E27 (250 lm), GU10 (350 lm), GU10 (220 lm)", "pack_size": null, "unit": "Packung", "pack_count": 3, "price": 1.99, "currency": "EUR", "promo_type": null, "compare_price": null, "uvp": null, "discount_pct": null, "valid_from": "2025-11-10", "valid_to": "2025-11-15", "special_validity": null, "notes": "begrenzte Anzahl"}
```
```json
{"supermarket":"Aldi", "brand": "WORKZONE", "product_name": "XXL-Schraubendreher-Bit-Set", "variant": "mit magnetischen Spitzen; inkl. Ständer", "pack_size": "100-tlg.", "unit": "Set", "pack_count": 1, "price": 22.99, "currency": "EUR", "promo_type": null, "compare_price": null, "uvp": null, "discount_pct": null, "valid_from": "2025-11-10", "valid_to": "2025-11-15", "special_validity": null, "notes": "begrenzte Anzahl"}
```
```json
{"supermarket":"Aldi", "brand": "WORKZONE", "product_name": "Schwerlastregal", "variant": "Metallverstärkte Böden, je bis 160 kg belastbar; auch als Werkbank nutzbar; BxHxT: ca. 92x180x46 cm", "pack_size": null, "unit": "Stück", "pack_count": 1, "price": 29.99, "currency": "EUR", "promo_type": null, "compare_price": null, "uvp": null, "discount_pct": null, "valid_from": "2025-11-10", "valid_to": "2025-11-15", "special_validity": null, "notes": "begrenzte Anzahl"}
```
```json
{"supermarket":"Aldi", "brand": "WORKZONE", "product_name": "Gabel-Ringschlüsselsatz mit Ratsche", "variant": "Ratschenköpfe 180° drehbar; Größen: 8/10/13/15/17 mm; inkl. Halter", "pack_size": "5er-Set", "unit": "Set", "pack_count": 5, "price": 11.99, "currency": "EUR", "promo_type": null, "compare_price": null, "uvp": null, "discount_pct": null, "valid_from": "2025-11-10", "valid_to": "2025-11-15", "special_validity": null, "notes": "begrenzte Anzahl"}
```
```json
{"supermarket":"Aldi", "brand": "WORKZONE", "product_name": "Schnellspannzwingen-Set", "variant": "Verschiedene Modelle; z.B. 2 Stück je ca. 310 mm oder 2x ca. 155 mm und 2x ca. 105 mm", "pack_size": null, "unit": "Set/Packung", "pack_count": 1, "price": 7.99, "currency": "EUR", "promo_type": null, "compare_price": null, "uvp": null, "discount_pct": null, "valid_from": "2025-11-10", "valid_to": "2025-11-15", "special_validity": null, "notes": "begrenzte Anzahl"}
```
```json
{"supermarket":"Aldi", "brand": "WD-40", "product_name": "Multifunktions-Spray", "variant": null, "pack_size": "180-ml", "unit": "Dose", "pack_count": 1, "price": 3.99, "currency": "EUR", "promo_type": "discount", "compare_price": "Liter = 22.17", "uvp": 7.59, "discount_pct": 47, "valid_from": "2025-11-10", "valid_to": "2025-11-15", "special_validity": null, "notes": "begrenzte Anzahl"}
```
```json
{"supermarket":"Aldi", "brand": "WORKZONE", "product_name": "Universal-Organizer/ Sortimentskästen", "variant": "Verschiedene Modelle, z.B. mit 12 flexiblen Fächern oder als 4er-Set mit 2x6 und 2x9 Fächern", "pack_size": null, "unit": "Stück/Set", "pack_count": 1, "price": 5.99, "currency": "EUR", "promo_type": null, "compare_price": null, "uvp": null, "discount_pct": null, "valid_from": "2025-11-10", "valid_to": "2025-11-15", "special_validity": null, "notes": "begrenzte Anzahl"}
```
```json
{"supermarket":"Aldi", "brand": "AMBIANO", "product_name": "Heißluftfritteuse", "variant": "Modell GT-AF-18; 1.650W; 11 Garprogramme; Volumen: ca. 6,5 L; Garkorb und Rost spülmaschinengeeignet", "pack_size": null, "unit": "Stück", "pack_count": 1, "price": 59.99, "currency": "EUR", "promo_type": null, "compare_price": null, "uvp": null, "discount_pct": null, "valid_from": "2025-11-10", "valid_to": "2025-11-15", "special_validity": null, "notes": "begrenzte Anzahl"}
```
```json
{"supermarket":"Aldi", "brand": "AMBIANO", "product_name": "Kontaktgrill", "variant": "Modell GT-SF-KG-03; max. 2.200W; aufklappbar als Tischgrill; abnehmbares Grillthermometer; Platten abnehmbar, antihaftbeschichtet und spülmaschinengeeignet", "pack_size": null, "unit": "Stück", "pack_count": 1, "price": 59.99, "currency": "EUR", "promo_type": null, "compare_price": null, "uvp": null, "discount_pct": null, "valid_from": "2025-11-10", "valid_to": "2025-11-15", "special_validity": null, "notes": "begrenzte Anzahl"}
```
```json
{"supermarket":"Aldi", "brand": "OPTIHOME", "product_name": "Frischhaltebeutel", "variant": "mit Doppelverschluss; Größen: 15 Stück (ca. 6 L), 30 Stück (ca. 3 L) oder 40 Stück (ca. 1 L)", "pack_size": null, "unit": "Packung", "pack_count": 1, "price": 1.99, "currency": "EUR", "promo_type": null, "compare_price": "Stück = 0.13/0.07/0.05", "uvp": null, "discount_pct": null, "valid_from": "2025-11-10", "valid_to": "2025-11-15", "special_validity": null, "notes": "begrenzte Anzahl"}
```
```json
{"supermarket":"Aldi", "brand": "OPTIHOME", "product_name": "Dauerback-/Backofenfolie", "variant": "Mit Antihaftbeschichtung; zuschneidbar; Modelle: Backofenschutzfolie (ca. 36x45cm) oder Dauerbackfolie (ca. 33x40cm)", "pack_size": null, "unit": "Stück", "pack_count": 1, "price": 2.49, "currency": "EUR", "promo_type": null, "compare_price": null, "uvp": null, "discount_pct": null, "valid_from": "2025-11-10", "valid_to": "2025-11-15", "special_validity": null, "notes": "begrenzte Anzahl"}
```
```json
{"supermarket":"Aldi", "brand": "CROFTON", "product_name": "Multifunktionspfanne", "variant": "Edelstahl; geeignet für alle Herdarten, inkl. Induktion; backofengeeignet bis max. 200°C; Ø: ca. 28 cm; Keramik-Antihaftbeschichtung", "pack_size": null, "unit": "Stück", "pack_count": 1, "price": 17.99, "currency": "EUR", "promo_type": null, "compare_price": null, "uvp": null, "discount_pct": null, "valid_from": "2025-11-10", "valid_to": "2025-11-15", "special_validity": null, "notes": "begrenzte Anzahl"}
```
```json
{"supermarket":"Aldi", "brand": "JES COLLECTION®", "product_name": "Weihnachtsdekoration", "variant": "Verschiedene Modelle", "pack_size": null, "unit": "Stück/Packung", "pack_count": 1, "price": 1.0, "currency": "EUR", "promo_type": null, "compare_price": null, "uvp": null, "discount_pct": null, "valid_from": "2025-11-10", "valid_to": "2025-11-15", "special_validity": null, "notes": "begrenzte Anzahl"}
```
```json
{"supermarket":"Aldi", "brand": "CROFTON", "product_name": "Ofenhandschuhe/ Topflappen", "variant": "Verschiedene Farbvarianten; Obermaterial reine Baumwolle mit Silikonbeschichtung", "pack_size": null, "unit": "2er-Packung", "pack_count": 2, "price": 4.99, "currency": "EUR", "promo_type": null, "compare_price": null, "uvp": null, "discount_pct": null, "valid_from": "2025-11-10", "valid_to": "2025-11-15", "special_validity": null, "notes": "begrenzte Anzahl"}
```
```json
{"supermarket":"Aldi", "brand": "HOME CREATION", "product_name": "Platzsets und Glas-untersetzer", "variant": "100% Polyester mit Polyurethan-Beschichtung; verschiedene Farbvarianten, oval oder eckig", "pack_size": null, "unit": "4er-Set", "pack_count": 4, "price": 3.99, "currency": "EUR", "promo_type": null, "compare_price": null, "uvp": null, "discount_pct": null, "valid_from": "2025-11-10", "valid_to": "2025-11-15", "special_validity": null, "notes": "begrenzte Anzahl"}
```
```json
{"supermarket":"Aldi", "brand": "HOME CREATION", "product_name": "Tischdecke/-läufer", "variant": "Verschiedene Dessin-/Farbvarianten und Materialzusammensetzungen; Größen: Tischdecke ca. 85x85cm oder Tischläufer ca. 50x150cm", "pack_size": null, "unit": "Stück", "pack_count": 1, "price": 2.99, "currency": "EUR", "promo_type": null, "compare_price": null, "uvp": null, "discount_pct": null, "valid_from": "2025-11-10", "valid_to": "2025-11-15", "special_validity": null, "notes": "begrenzte Anzahl"}
```
```json
{"supermarket":"Aldi", "brand": "SINGER", "product_name": "Freiarm-Nähmaschine", "variant": "Modell 3232; 32 Stiche; inkl. Anschiebetisch mit Zubehörbox und Schutzhaube", "pack_size": null, "unit": "Stück", "pack_count": 1, "price": 169.0, "currency": "EUR", "promo_type": "discount", "compare_price": null, "uvp": 369.0, "discount_pct": 54, "valid_from": "2025-11-13", "valid_to": "2025-11-15", "special_validity": null, "notes": "begrenzte Anzahl"}
```
```json
{"supermarket":"Aldi", "brand": "AMBIANO", "product_name": "Handnähmaschine", "variant": "Inkl. zusätzlicher Nadel, 4 Fäden und Batterien; Kettenstich", "pack_size": null, "unit": "Stück", "pack_count": 1, "price": 9.99, "currency": "EUR", "promo_type": null, "compare_price": null, "uvp": null, "discount_pct": null, "valid_from": "2025-11-13", "valid_to": "2025-11-15", "special_validity": null, "notes": "begrenzte Anzahl"}
```
```json
{"supermarket":"Aldi", "brand": "CASALUX", "product_name": "LED-Tageslichtlampe", "variant": "stufenlos dimmbar; Lichtfarbe: 2.700K-6.500K; ca. 50 cm hoch", "pack_size": null, "unit": "Stück", "pack_count": 1, "price": 12.99, "currency": "EUR", "promo_type": null, "compare_price": null, "uvp": null, "discount_pct": null, "valid_from": "2025-11-13", "valid_to": "2025-11-15", "special_validity": null, "notes": "begrenzte Anzahl"}
```
```json
{"supermarket":"Aldi", "brand": "HOME CREATION", "product_name": "Näh-Einsteiger-Set", "variant": "Ausführungen: Nähgarn-Sortiment (46-tlg.), Kurzwaren (88-tlg.), oder Schneider-Utensilien (134-tlg.)", "pack_size": null, "unit": "Set", "pack_count": 1, "price": 3.99, "currency": "EUR", "promo_type": null, "compare_price": null, "uvp": null, "discount_pct": null, "valid_from": "2025-11-13", "valid_to": "2025-11-15", "special_validity": null, "notes": "begrenzte Anzahl"}
```
```json
{"supermarket":"Aldi", "brand": "HOME CREATION", "product_name": "Häkelset Weihnachten", "variant": "Zum Selbsthäkeln; mit umfangreichem Zubehör und Anleitung; verschiedene Modelle", "pack_size": null, "unit": "Set", "pack_count": 1, "price": 3.99, "currency": "EUR", "promo_type": null, "compare_price": null, "uvp": null, "discount_pct": null, "valid_from": "2025-11-13", "valid_to": "2025-11-15", "special_validity": null, "notes": "begrenzte Anzahl"}
```
```json
{"supermarket":"Aldi", "brand": "AMBIANO", "product_name": "Mini-Nähmaschine", "variant": "Modell GT-SF-MSM-01; Netz- oder Batteriebetrieb; 2 Geschwindigkeitsstufen; inkl. Batterien und Zubehör", "pack_size": null, "unit": "Stück", "pack_count": 1, "price": 19.99, "currency": "EUR", "promo_type": null, "compare_price": null, "uvp": null, "discount_pct": null, "valid_from": "2025-11-13", "valid_to": "2025-11-15", "special_validity": null, "notes": "begrenzte Anzahl"}
```
```json
{"supermarket":"Aldi", "brand": "HOME CREATION", "product_name": "Sockenwolle", "variant": "Verschiedene Materialzusammensetzungen; inkl. Strickanleitung", "pack_size": "2x 75g oder 2x 100g", "unit": "2er-Packung", "pack_count": 2, "price": 3.99, "currency": "EUR", "promo_type": null, "compare_price": "kg = 26.60/19.95", "uvp": null, "discount_pct": null, "valid_from": "2025-11-13", "valid_to": "2025-11-15", "special_validity": null, "notes": "begrenzte Anzahl"}
```
```json
{"supermarket":"Aldi", "brand": "HOME CREATION", "product_name": "Filzwolle", "variant": "Reine Wolle; inkl. Anleitung", "pack_size": "2x 100g", "unit": "Set", "pack_count": 2, "price": 4.99, "currency": "EUR", "promo_type": null, "compare_price": "kg = 24.95", "uvp": null, "discount_pct": null, "valid_from": "2025-11-13", "valid_to": "2025-11-15", "special_validity": null, "notes": "begrenzte Anzahl"}
```
```json
{"supermarket":"Aldi", "brand": "HOME CREATION", "product_name": "Strickgarn", "variant": "Mit Tweed- bzw. Glitzereffekt; inkl. Strickanleitung; Sorten: Colorina (4x50g), Glamour (1x200g), Castello (1x300g)", "pack_size": null, "unit": "Stück/Set", "pack_count": 1, "price": 2.99, "currency": "EUR", "promo_type": null, "compare_price": "kg = 14.95/9.97", "uvp": null, "discount_pct": null, "valid_from": "2025-11-13", "valid_to": "2025-11-15", "special_validity": null, "notes": "begrenzte Anzahl"}
```
```json
{"supermarket":"Aldi", "brand": "HOME CREATION", "product_name": "Ombre-/ Regenbogen-Garn", "variant": "80% Polyacryl, 20% Wolle", "pack_size": "100 g", "unit": "Stück", "pack_count": 1, "price": 2.49, "currency": "EUR", "promo_type": null, "compare_price": "kg = 24.90", "uvp": null, "discount_pct": null, "valid_from": "2025-11-13", "valid_to": "2025-11-15", "special_validity": null, "notes": "begrenzte Anzahl"}
```
```json
{"supermarket":"Aldi", "brand": "HOME CREATION", "product_name": "Makramee-Garn", "variant": "Reine Baumwolle", "pack_size": "150g oder 200 g", "unit": "Stück", "pack_count": 1, "price": 2.99, "currency": "EUR", "promo_type": null, "compare_price": "kg = 19.93/14.95", "uvp": null, "discount_pct": null, "valid_from": "2025-11-13", "valid_to": "2025-11-15", "special_validity": null, "notes": "begrenzte Anzahl"}
```
```json
{"supermarket":"Aldi", "brand": "HOME CREATION", "product_name": "Weihnachtsfensterbilder", "variant": "Wiederverwendbar; Gel- oder im Dunkeln leuchtende Aufkleber; rückstandslos abziehbar", "pack_size": null, "unit": "Set", "pack_count": 1, "price": 0.99, "currency": "EUR", "promo_type": null, "compare_price": null, "uvp": null, "discount_pct": null, "valid_from": "2025-11-13", "valid_to": "2025-11-15", "special_validity": null, "notes": "begrenzte Anzahl"}
```
```json
{"supermarket":"Aldi", "brand": "DECO", "product_name": "Fensterfarben", "variant": "Auf Wasserbasis; geeignet für Glas, Spiegel, Porzellan oder Fliesen; verschiedene Motive", "pack_size": "10 x 25 ml", "unit": "Set", "pack_count": 1, "price": 7.99, "currency": "EUR", "promo_type": null, "compare_price": "Liter = 31.96", "uvp": null, "discount_pct": null, "valid_from": "2025-11-13", "valid_to": "2025-11-15", "special_validity": null, "notes": "begrenzte Anzahl"}
```
```json
{"supermarket":"Aldi", "brand": "HOME CREATION", "product_name": "Künstler-Set", "variant": "Sorten: Aquarell-Set (12 Farben je 12 ml), Skizzen-Set (14-tlg.), Buntstifte (24 Stück), oder Kombimaler (24 Stück)", "pack_size": null, "unit": "Set", "pack_count": 1, "price": 3.99, "currency": "EUR", "promo_type": null, "compare_price": null, "uvp": null, "discount_pct": null, "valid_from": "2025-11-13", "valid_to": "2025-11-15", "special_validity": null, "notes": "begrenzte Anzahl"}
```
```json
{"supermarket":"Aldi", "brand": "HOME CREATION", "product_name": "Aufkleber", "variant": "Verschiedene Ausführungen: Harry Potter, emoji, DC", "pack_size": null, "unit": "Packung", "pack_count": 1, "price": 0.99, "currency": "EUR", "promo_type": null, "compare_price": null, "uvp": null, "discount_pct": null, "valid_from": "2025-11-13", "valid_to": "2025-11-15", "special_validity": null, "notes": "begrenzte Anzahl; Lizenzinformationen im Prospekt"}
```
```json
{"supermarket":"Aldi", "brand": null, "product_name": "Foto-/Bastelkalender", "variant": "Zum Selbstgestalten und -bekleben; verschiedene Modelle", "pack_size": null, "unit": "2er-Set", "pack_count": 2, "price": 2.99, "currency": "EUR", "promo_type": null, "compare_price": null, "uvp": null, "discount_pct": null, "valid_from": "2025-11-13", "valid_to": "2025-11-15", "special_validity": null, "notes": "begrenzte Anzahl"}
```
```json
{"supermarket":"Aldi", "brand": "UHU", "product_name": "Kleber", "variant": "Stic „Golden Moments“", "pack_size": "2x 21 g", "unit": "Packung", "pack_count": 2, "price": 2.99, "currency": "EUR", "promo_type": null, "compare_price": "kg = 71.19", "uvp": null, "discount_pct": null, "valid_from": "2025-11-13", "valid_to": "2025-11-15", "special_validity": null, "notes": "begrenzte Anzahl"}
```
```json
{"supermarket":"Aldi", "brand": "UHU", "product_name": "Kleber", "variant": "Glitter-Glue", "pack_size": "6x 10g", "unit": "Packung", "pack_count": 6, "price": 2.99, "currency": "EUR", "promo_type": null, "compare_price": "kg = 49.83", "uvp": null, "discount_pct": null, "valid_from": "2025-11-13", "valid_to": "2025-11-15", "special_validity": null, "notes": "begrenzte Anzahl"}
```
```json
{"supermarket":"Aldi", "brand": "UHU", "product_name": "Kleber", "variant": "Bastel-Kleber", "pack_size": "90g", "unit": "Packung", "pack_count": 1, "price": 2.99, "currency": "EUR", "promo_type": null, "compare_price": "kg = 33.22", "uvp": null, "discount_pct": null, "valid_from": "2025-11-13", "valid_to": "2025-11-15", "special_validity": null, "notes": "begrenzte Anzahl"}
```
```json
{"supermarket":"Aldi", "brand": "UHU", "product_name": "Kleber", "variant": "patafix", "pack_size": "80 Klebepads", "unit": "Packung", "pack_count": 80, "price": 2.99, "currency": "EUR", "promo_type": null, "compare_price": "Stück = 0.04", "uvp": null, "discount_pct": null, "valid_from": "2025-11-13", "valid_to": "2025-11-15", "special_validity": null, "notes": "begrenzte Anzahl"}
```
```json
{"supermarket":"Aldi", "brand": "PANASONIC", "product_name": "Alkaline-Power-Batterien", "variant": "In den Sorten AA (LR06) oder AAA (LR03)", "pack_size": null, "unit": "20er-Packung", "pack_count": 20, "price": 5.99, "currency": "EUR", "promo_type": "discount", "compare_price": null, "uvp": 19.99, "discount_pct": 70, "valid_from": "2025-11-13", "valid_to": "2025-11-15", "special_validity": null, "notes": "begrenzte Anzahl"}
```
```json
{"supermarket":"Aldi", "brand": "WORKZONE", "product_name": "10-fach-Steckdose", "variant": "Modell SL-10; mit Überlastungsschutz; 8 Buchsen und je 1 USB-A-/USB-C-Anschluss; Kabel: ca. 2 m", "pack_size": null, "unit": "Stück", "pack_count": 1, "price": 14.99, "currency": "EUR", "promo_type": null, "compare_price": null, "uvp": null, "discount_pct": null, "valid_from": "2025-11-13", "valid_to": "2025-11-15", "special_validity": null, "notes": "begrenzte Anzahl"}
```

-----

# 
```json
{"supermarket":"Aldi Nord","brand":null,"product_name":"Tafeltrauben hell","variant":"Sorte: Autumn Crisp; Klasse 1; Italien; Extrasüß; Kernlos","pack_size":"400","unit":"g","pack_count":1,"price":1.99,"currency":"EUR","promo_type":"AKTION","compare_price":"kg = 4.98","uvp":null,"discount_pct":null,"valid_from":"2025-11-10","valid_to":"2025-11-15","special_validity":null,"notes":"Diese Artikel stehen nur in begrenzter Anzahl zur Verfügung und können zu bestimmten Zeiten der Aktion ausverkauft sein."}
{"supermarket":"Aldi Nord","brand":null,"product_name":"Orangen","variant":"Sorte: Navelina; Klasse 1; Spanien; Mit Kienstellt","pack_size":"2","unit":"kg","pack_count":1,"price":2.49,"currency":"EUR","promo_type":null,"compare_price":"kg = 1.25","uvp":null,"discount_pct":null,"valid_from":"2025-11-10","valid_to":"2025-11-15","special_validity":null,"notes":"Diese Artikel stehen nur in begrenzter Anzahl zur Verfügung und können zu bestimmten Zeiten der Aktion ausverkauft sein."}
{"supermarket":"Aldi Nord","brand":null,"product_name":"Bananen, Fairtrade","variant":"Lose Ware; Dominikanische Republik, Ecuador, Kolumbien, Peru; kontrolliert ökologische Erzeugung; Bio","pack_size":null,"unit":"kg","pack_count":null,"price":1.69,"currency":"EUR","promo_type":"AKTION","compare_price":"kg-Preis","uvp":null,"discount_pct":null,"valid_from":"2025-11-10","valid_to":"2025-11-15","special_validity":null,"notes":"Diese Artikel stehen nur in begrenzter Anzahl zur Verfügung und können zu bestimmten Zeiten der Aktion ausverkauft sein."}
{"supermarket":"Aldi Nord","brand":null,"product_name":"Speisekartoffeln","variant":"Vorwiegend festkochend; Deutschland; XXL","pack_size":"5","unit":"kg","pack_count":1,"price":1.99,"currency":"EUR","promo_type":null,"compare_price":"kg = 0.40","uvp":null,"discount_pct":null,"valid_from":"2025-11-10","valid_to":"2025-11-15","special_validity":null,"notes":"Diese Artikel stehen nur in begrenzter Anzahl zur Verfügung und können zu bestimmten Zeiten der Aktion ausverkauft sein."}
{"supermarket":"Aldi Nord","brand":null,"product_name":"Speisekürbis „Hokkaido“","variant":"Lose Ware; Deutschland; kontrolliert ökologische Erzeugung; Bio","pack_size":null,"unit":"kg","pack_count":null,"price":1.29,"currency":"EUR","promo_type":"AKTION","compare_price":"kg-Preis","uvp":null,"discount_pct":null,"valid_from":"2025-11-10","valid_to":"2025-11-15","special_validity":null,"notes":"Diese Artikel stehen nur in begrenzter Anzahl zur Verfügung und können zu bestimmten Zeiten der Aktion ausverkauft sein."}
{"supermarket":"Aldi Nord","brand":null,"product_name":"Tafeläpfel","variant":"Sorte: Elstar; Klasse 1; Deutschland; Süß-säuerlich; Neue Ernte","pack_size":"2","unit":"kg","pack_count":1,"price":1.99,"currency":"EUR","promo_type":null,"compare_price":"kg = 1.00","uvp":null,"discount_pct":null,"valid_from":"2025-11-10","valid_to":"2025-11-15","special_validity":null,"notes":"Diese Artikel stehen nur in begrenzter Anzahl zur Verfügung und können zu bestimmten Zeiten der Aktion ausverkauft sein."}
{"supermarket":"Aldi Nord","brand":null,"product_name":"Rispentomaten","variant":"Klasse 1; Deutschland","pack_size":"650","unit":"g","pack_count":1,"price":1.79,"currency":"EUR","promo_type":"discount","compare_price":"kg = 2.75","uvp":1.99,"discount_pct":10,"valid_from":"2025-11-10","valid_to":"2025-11-15","special_validity":null,"notes":"Diese Artikel stehen nur in begrenzter Anzahl zur Verfügung und können zu bestimmten Zeiten der Aktion ausverkauft sein."}
{"supermarket":"Aldi Nord","brand":null,"product_name":"Grapefruit","variant":"Sorte: Star Ruby, Klasse 1; Spanien","pack_size":"1","unit":"Stück","pack_count":1,"price":0.55,"currency":"EUR","promo_type":"discount","compare_price":null,"uvp":0.75,"discount_pct":26,"valid_from":"2025-11-10","valid_to":"2025-11-15","special_validity":null,"notes":"Diese Artikel stehen nur in begrenzter Anzahl zur Verfügung und können zu bestimmten Zeiten der Aktion ausverkauft sein."}
{"supermarket":"Aldi Nord","brand":null,"product_name":"Granatapfel","variant":"Klasse 1; Italien, Spanien, Türkei","pack_size":"1","unit":"Stück","pack_count":1,"price":0.88,"currency":"EUR","promo_type":"AKTION","compare_price":null,"uvp":null,"discount_pct":null,"valid_from":"2025-11-10","valid_to":"2025-11-15","special_validity":null,"notes":"Diese Artikel stehen nur in begrenzter Anzahl zur Verfügung und können zu bestimmten Zeiten der Aktion ausverkauft sein."}
{"supermarket":"Aldi Nord","brand":null,"product_name":"Spitzkohl","variant":"Lose Ware; Klasse 1; Deutschland","pack_size":null,"unit":"kg","pack_count":null,"price":0.88,"currency":"EUR","promo_type":"discount","compare_price":"kg-Preis","uvp":1.19,"discount_pct":26,"valid_from":"2025-11-10","valid_to":"2025-11-15","special_validity":null,"notes":"Diese Artikel stehen nur in begrenzter Anzahl zur Verfügung und können zu bestimmten Zeiten der Aktion ausverkauft sein."}
{"supermarket":"Aldi Nord","brand":null,"product_name":"Paprika-Mix","variant":"Klasse 1; Spanien","pack_size":"500","unit":"g","pack_count":1,"price":1.29,"currency":"EUR","promo_type":"AKTION","compare_price":"kg = 2.58","uvp":null,"discount_pct":null,"valid_from":"2025-11-10","valid_to":"2025-11-15","special_validity":null,"notes":"Diese Artikel stehen nur in begrenzter Anzahl zur Verfügung und können zu bestimmten Zeiten der Aktion ausverkauft sein."}
{"supermarket":"Aldi Nord","brand":"Zespri","product_name":"Kiwi Gold","variant":"Klasse 1; Italien; Mit Löffel","pack_size":"4","unit":"er-Schale","pack_count":1,"price":1.49,"currency":"EUR","promo_type":"AKTION","compare_price":null,"uvp":null,"discount_pct":null,"valid_from":"2025-11-13","valid_to":"2025-11-15","special_validity":"Do. 13.11. – Sa. 15.11.","notes":"Diese Artikel stehen nur in begrenzter Anzahl zur Verfügung und können zu bestimmten Zeiten der Aktion ausverkauft sein."}
{"supermarket":"Aldi Nord","brand":null,"product_name":"Knoblauch, frisch","variant":"Klasse 1; Deutschland, Niederlande","pack_size":"1","unit":"Stück","pack_count":1,"price":0.99,"currency":"EUR","promo_type":"AKTION","compare_price":null,"uvp":null,"discount_pct":null,"valid_from":"2025-11-13","valid_to":"2025-11-15","special_validity":"Do. 13.11. – Sa. 15.11.","notes":"Diese Artikel stehen nur in begrenzter Anzahl zur Verfügung und können zu bestimmten Zeiten der Aktion ausverkauft sein."}
{"supermarket":"Aldi Nord","brand":null,"product_name":"Zitronen","variant":"Klasse 2; Italien, Spanien; kontrolliert ökologische Erzeugung; Bio","pack_size":"500","unit":"g","pack_count":1,"price":1.49,"currency":"EUR","promo_type":"discount","compare_price":"kg = 2.98","uvp":1.79,"discount_pct":16,"valid_from":"2025-11-13","valid_to":"2025-11-15","special_validity":"Do. 13.11. – Sa. 15.11.","notes":"Diese Artikel stehen nur in begrenzter Anzahl zur Verfügung und können zu bestimmten Zeiten der Aktion ausverkauft sein."}
{"supermarket":"Aldi Nord","brand":null,"product_name":"Gurke","variant":"Klasse 2; Spanien; kontrolliert ökologische Erzeugung; Bio","pack_size":"1","unit":"Stück","pack_count":1,"price":0.69,"currency":"EUR","promo_type":"discount","compare_price":null,"uvp":1.11,"discount_pct":37,"valid_from":"2025-11-13","valid_to":"2025-11-15","special_validity":"Do. 13.11. – Sa. 15.11.","notes":"Diese Artikel stehen nur in begrenzter Anzahl zur Verfügung und können zu bestimmten Zeiten der Aktion ausverkauft sein."}
{"supermarket":"Aldi Nord","brand":"Chocoeur","product_name":"Milch Mäuse Weihnachtsmaus","variant":"Hohlfigur; mit Milchcreme-Schicht; Neu!","pack_size":"95","unit":"g","pack_count":1,"price":1.49,"currency":"EUR","promo_type":"discount","compare_price":"kg = 15.68","uvp":1.99,"discount_pct":25,"valid_from":"2025-11-10","valid_to":"2025-11-15","special_validity":null,"notes":null}
{"supermarket":"Aldi Nord","brand":null,"product_name":"Nougat-Zapfen","variant":"Haselnuss-Nougat umhüllt von Vollmilchschokolade","pack_size":"150","unit":"g","pack_count":1,"price":1.99,"currency":"EUR","promo_type":"discount","compare_price":"kg = 13.27","uvp":2.49,"discount_pct":20,"valid_from":"2025-11-10","valid_to":"2025-11-15","special_validity":null,"notes":"Diese Artikel stehen nur in begrenzter Anzahl zur Verfügung und können zu bestimmten Zeiten der Aktion ausverkauft sein."}
{"supermarket":"Aldi Nord","brand":"Wintertraum","product_name":"Marzipan-Kartoffeln","variant":"Umhüllt von dunklem Kakaopuder","pack_size":"125","unit":"g","pack_count":1,"price":0.89,"currency":"EUR","promo_type":"discount","compare_price":"kg = 7.12","uvp":1.49,"discount_pct":40,"valid_from":"2025-11-10","valid_to":"2025-11-15","special_validity":null,"notes":"Diese Artikel stehen nur in begrenzter Anzahl zur Verfügung und können zu bestimmten Zeiten der Aktion ausverkauft sein."}
{"supermarket":"Aldi Nord","brand":"Wintertraum","product_name":"Lebkuchenherzen","variant":"Gefüllt","pack_size":"300","unit":"g","pack_count":1,"price":2.39,"currency":"EUR","promo_type":"discount","compare_price":"kg = 7.97","uvp":3.39,"discount_pct":29,"valid_from":"2025-11-10","valid_to":"2025-11-15","special_validity":null,"notes":"Diese Artikel stehen nur in begrenzter Anzahl zur Verfügung und können zu bestimmten Zeiten der Aktion ausverkauft sein."}
{"supermarket":"Aldi Nord","brand":"Wintertraum","product_name":"Eiskonfekt","variant":"Mini-Tafeln mit Weihnachtsmotiven","pack_size":"200","unit":"g","pack_count":1,"price":1.19,"currency":"EUR","promo_type":"discount","compare_price":"kg = 5.95","uvp":1.49,"discount_pct":20,"valid_from":"2025-11-10","valid_to":"2025-11-15","special_validity":null,"notes":"Diese Artikel stehen nur in begrenzter Anzahl zur Verfügung und können zu bestimmten Zeiten der Aktion ausverkauft sein."}
{"supermarket":"Aldi Nord","brand":"Wintertraum","product_name":"Mini-Spekulatius","variant":"Versch. Sorten","pack_size":"250","unit":"g","pack_count":1,"price":1.79,"currency":"EUR","promo_type":"TIEFPREIS","compare_price":"kg = 7.16","uvp":null,"discount_pct":null,"valid_from":"2025-11-10","valid_to":"2025-11-15","special_validity":null,"notes":null}
{"supermarket":"Aldi Nord","brand":"Wintertraum","product_name":"Butter-Spekulatius","variant":"Mit feinem Buttergeschmack","pack_size":"250","unit":"g","pack_count":1,"price":2.49,"currency":"EUR","promo_type":"TIEFPREIS","compare_price":"kg = 9.96","uvp":null,"discount_pct":null,"valid_from":"2025-11-10","valid_to":"2025-11-15","special_validity":null,"notes":null}
{"supermarket":"Aldi Nord","brand":"Wintertraum","product_name":"Zimtsterne","variant":"Haselnuss-Mandel-Gebäck in Sternform; mit Zimtnote und Zuckerglasur","pack_size":"175","unit":"g","pack_count":1,"price":2.99,"currency":"EUR","promo_type":"TIEFPREIS","compare_price":"kg = 17.09","uvp":null,"discount_pct":null,"valid_from":"2025-11-10","valid_to":"2025-11-15","special_validity":null,"notes":null}
{"supermarket":"Aldi Nord","brand":"Wintertraum","product_name":"Weihnachtsgebäck","variant":"Versch. Sorten","pack_size":"200","unit":"g","pack_count":1,"price":2.69,"currency":"EUR","promo_type":"TIEFPREIS","compare_price":"kg = 13.45","uvp":null,"discount_pct":null,"valid_from":"2025-11-10","valid_to":"2025-11-15","special_validity":null,"notes":null}
{"supermarket":"Aldi Nord","brand":"Wintertraum","product_name":"Butter-Mandel-Stollen","variant":"Mit Rosinen, kandierten Früchten und Marzipan","pack_size":"750","unit":"g","pack_count":1,"price":4.99,"currency":"EUR","promo_type":"TIEFPREIS","compare_price":"kg = 6.65","uvp":null,"discount_pct":null,"valid_from":"2025-11-10","valid_to":"2025-11-15","special_validity":null,"notes":null}
{"supermarket":"Aldi Nord","brand":"Alpenschmaus","product_name":"Hütten-gericht","variant":"Versch. Sorten","pack_size":"800","unit":"g","pack_count":1,"price":2.99,"currency":"EUR","promo_type":"AKTION","compare_price":"kg = 3.74","uvp":null,"discount_pct":null,"valid_from":"2025-11-10","valid_to":"2025-11-15","special_validity":null,"notes":"Aktionsartikel stehen nur in begrenzter Anzahl zur Verfügung. Sie können daher schon am Vormittag des Aktionstages kurz nach Aktionsbeginn ausverkauft sein."}
{"supermarket":"Aldi Nord","brand":"Alpenschmaus","product_name":"Riesen-Schnitzel","variant":"Nach Wiener Art; 2 Stück; flüssig gewürzt; Aus der Tiefkühlung","pack_size":"500","unit":"g","pack_count":1,"price":3.99,"currency":"EUR","promo_type":"AKTION","compare_price":"kg = 7.98","uvp":null,"discount_pct":null,"valid_from":"2025-11-10","valid_to":"2025-11-15","special_validity":null,"notes":"Aktionsartikel stehen nur in begrenzter Anzahl zur Verfügung. Sie können daher schon am Vormittag des Aktionstages kurz nach Aktionsbeginn ausverkauft sein."}
{"supermarket":"Aldi Nord","brand":"Alpenschmaus","product_name":"Mürbegebäck","variant":"Versch. Sorten","pack_size":"200g oder 225g","unit":"Packung","pack_count":1,"price":1.79,"currency":"EUR","promo_type":"AKTION","compare_price":"kg = 8.95/7.96","uvp":null,"discount_pct":null,"valid_from":"2025-11-10","valid_to":"2025-11-15","special_validity":null,"notes":"Aktionsartikel stehen nur in begrenzter Anzahl zur Verfügung. Sie können daher schon am Vormittag des Aktionstages kurz nach Aktionsbeginn ausverkauft sein."}
{"supermarket":"Aldi Nord","brand":"Alpenschmaus","product_name":"Germknödel","variant":"Versch. Sorten; Aus der Tiefkühlung","pack_size":"410g oder 560g","unit":"Packung","pack_count":1,"price":2.79,"currency":"EUR","promo_type":"AKTION","compare_price":"kg = 6.80/4.98","uvp":null,"discount_pct":null,"valid_from":"2025-11-10","valid_to":"2025-11-15","special_validity":null,"notes":"Aktionsartikel stehen nur in begrenzter Anzahl zur Verfügung. Sie können daher schon am Vormittag des Aktionstages kurz nach Aktionsbeginn ausverkauft sein."}
{"supermarket":"Aldi Nord","brand":"Alpenschmaus","product_name":"Jagertee","variant":"Konzentrat; ergibt ca. 3,5 L trinkfertigen Jagertee; 40% Vol.","pack_size":"0.7","unit":"L","pack_count":1,"price":8.99,"currency":"EUR","promo_type":"AKTION","compare_price":"Liter = 12.84","uvp":null,"discount_pct":null,"valid_from":"2025-11-10","valid_to":"2025-11-15","special_validity":null,"notes":"Aktionsartikel stehen nur in begrenzter Anzahl zur Verfügung. Sie können daher schon am Vormittag des Aktionstages kurz nach Aktionsbeginn ausverkauft sein."}
{"supermarket":"Aldi Nord","brand":"Meine Metzgerei","product_name":"Hähnchen-Innenfilets","variant":null,"pack_size":"400","unit":"g","pack_count":1,"price":3.99,"currency":"EUR","promo_type":"discount","compare_price":"kg = 9.98","uvp":4.99,"discount_pct":20,"valid_from":"2025-11-10","valid_to":"2025-11-15","special_validity":null,"notes":"Diese Artikel stehen nur in begrenzter Anzahl zur Verfügung und können zu bestimmten Zeiten der Aktion ausverkauft sein."}
{"supermarket":"Aldi Nord","brand":"Up2fashion","product_name":"Lammfell-Hausschuhe","variant":"Herren, Größen 41-45 oder Damen, Größen 37-41","pack_size":"1","unit":"Paar","pack_count":1,"price":14.99,"currency":"EUR","promo_type":"AKTION","compare_price":null,"uvp":null,"discount_pct":null,"valid_from":"2025-11-13","valid_to":"2025-11-15","special_validity":"ab Do. 13.11.","notes":"Aktionsartikel stehen nur in begrenzter Anzahl zur Verfügung. Sie können daher schon am Vormittag des Aktionstages kurz nach Aktionsbeginn ausverkauft sein."}
{"supermarket":"Aldi Nord","brand":"Rama","product_name":"Cremefine","variant":"Versch. Sorten; zum Kochen","pack_size":"250","unit":"ml","pack_count":1,"price":0.85,"currency":"EUR","promo_type":"discount","compare_price":"Liter = 3.40","uvp":1.49,"discount_pct":42,"valid_from":"2025-11-10","valid_to":"2025-11-15","special_validity":null,"notes":"Diese Artikel stehen nur in begrenzter Anzahl zur Verfügung und können zu bestimmten Zeiten der Aktion ausverkauft sein."}
{"supermarket":"Aldi Nord","brand":"Lorenz","product_name":"Saltletts","variant":"Laugengebäck; versch. Sorten","pack_size":"100 g oder 150g","unit":"Packung","pack_count":1,"price":1.11,"currency":"EUR","promo_type":"discount","compare_price":"kg = 11.10/7.40","uvp":2.19,"discount_pct":49,"valid_from":"2025-11-10","valid_to":"2025-11-15","special_validity":null,"notes":"Aktionsartikel stehen nur in begrenzter Anzahl zur Verfügung. Sie können daher schon am Vormittag des Aktionstages kurz nach Aktionsbeginn ausverkauft sein."}
{"supermarket":"Aldi Nord","brand":"Hak","product_name":"Rotkohl","variant":"Mit Apfelstücken","pack_size":"700","unit":"g","pack_count":1,"price":1.19,"currency":"EUR","promo_type":"discount","compare_price":"kg = 1.70","uvp":2.29,"discount_pct":48,"valid_from":"2025-11-13","valid_to":"2025-11-15","special_validity":"ab Do. 13.11.","notes":"Aktionsartikel stehen nur in begrenzter Anzahl zur Verfügung. Sie können daher schon am Vormittag des Aktionstages kurz nach Aktionsbeginn ausverkauft sein."}
{"supermarket":"Aldi Nord","brand":"Meine Metzgerei","product_name":"Hähnchen-Innenfilets","variant":"Frisch; aus dem Brustfilet; zum Braten oder für den Grill; Haltungsform 2","pack_size":"400","unit":"g","pack_count":1,"price":3.99,"currency":"EUR","promo_type":"discount","compare_price":"kg = 9.98","uvp":4.99,"discount_pct":20,"valid_from":"2025-11-10","valid_to":"2025-11-15","special_validity":null,"notes":"Diese Artikel stehen nur in begrenzter Anzahl zur Verfügung und können zu bestimmten Zeiten der Aktion ausverkauft sein."}
{"supermarket":"Aldi Nord","brand":"Meine Metzgerei","product_name":"Schinken-Schnitzel","variant":"Frisch; vom Schwein; Haltungsform 2","pack_size":"500","unit":"g","pack_count":1,"price":3.49,"currency":"EUR","promo_type":"discount","compare_price":"kg = 6.98","uvp":4.99,"discount_pct":30,"valid_from":"2025-11-10","valid_to":"2025-11-15","special_validity":null,"notes":"Diese Artikel stehen nur in begrenzter Anzahl zur Verfügung und können zu bestimmten Zeiten der Aktion ausverkauft sein."}
{"supermarket":"Aldi Nord","brand":"Meine Metzgerei","product_name":"Putenhackfleisch XXL","variant":"Frisch; gewürzt; zum Braten; Haltungsform 2","pack_size":"1","unit":"kg","pack_count":1,"price":4.99,"currency":"EUR","promo_type":null,"compare_price":"kg = 4.99","uvp":null,"discount_pct":null,"valid_from":"2025-11-10","valid_to":"2025-11-15","special_validity":null,"notes":"Aktionsartikel stehen nur in begrenzter Anzahl zur Verfügung. Sie können daher schon am Vormittag des Aktionstages kurz nach Aktionsbeginn ausverkauft sein."}
{"supermarket":"Aldi Nord","brand":null,"product_name":"Bio Hackfleisch gemischt XXL","variant":"Frisch; vom Rind und Schwein; vielseitig verwendbar; kontrolliert ökologische Erzeugung; Haltungsform 5","pack_size":"800","unit":"g","pack_count":1,"price":9.99,"currency":"EUR","promo_type":null,"compare_price":"kg = 12.49","uvp":null,"discount_pct":null,"valid_from":"2025-11-10","valid_to":"2025-11-15","special_validity":null,"notes":"Aktionsartikel stehen nur in begrenzter Anzahl zur Verfügung. Sie können daher schon am Vormittag des Aktionstages kurz nach Aktionsbeginn ausverkauft sein."}
{"supermarket":"Aldi Nord","brand":"Meine Metzgerei","product_name":"Rindergulasch","variant":"Frisch; aus der Keule; zum Braten","pack_size":"500","unit":"g","pack_count":1,"price":6.79,"currency":"EUR","promo_type":"discount","compare_price":"kg = 13.58","uvp":7.99,"discount_pct":15,"valid_from":"2025-11-10","valid_to":"2025-11-15","special_validity":null,"notes":"Diese Artikel stehen nur in begrenzter Anzahl zur Verfügung und können zu bestimmten Zeiten der Aktion ausverkauft sein."}
{"supermarket":"Aldi Nord","brand":"Gourmet","product_name":"Junge Ente","variant":"Frisch; gewürzt; für den Ofen; Mit Apfel-Zimt-Füllung","pack_size":"1","unit":"kg","pack_count":1,"price":6.49,"currency":"EUR","promo_type":"AKTION","compare_price":"kg = 6.49","uvp":null,"discount_pct":null,"valid_from":"2025-11-10","valid_to":"2025-11-15","special_validity":null,"notes":"Aktionsartikel stehen nur in begrenzter Anzahl zur Verfügung. Sie können daher schon am Vormittag des Aktionstages kurz nach Aktionsbeginn ausverkauft sein."}
{"supermarket":"Aldi Nord","brand":"Meine Metzgerei","product_name":"Krustenbraten","variant":"Frisch; vom Schwein; aus der Hüfte; flüssig gewürzt; gepökelt; mit Schwarte; für den Ofen; versch. Gewichte; z. B. 1.000g; Haltungsform 2","pack_size":null,"unit":"kg","pack_count":null,"price":5.49,"currency":"EUR","promo_type":"AKTION","compare_price":"kg = 5.49","uvp":null,"discount_pct":null,"valid_from":"2025-11-10","valid_to":"2025-11-15","special_validity":null,"notes":"Aktionsartikel stehen nur in begrenzter Anzahl zur Verfügung. Sie können daher schon am Vormittag des Aktionstages kurz nach Aktionsbeginn ausverkauft sein."}
{"supermarket":"Aldi Nord","brand":"Golden Seafood","product_name":"Kabeljau-Filetportionen XXL","variant":"Aus dem Loin; ohne Haut; praktisch grätenfrei; zum Braten; MSC-zertifiziert; Aus der Kühlung","pack_size":"500","unit":"g","pack_count":1,"price":8.99,"currency":"EUR","promo_type":null,"compare_price":"kg = 17.98","uvp":null,"discount_pct":null,"valid_from":"2025-11-10","valid_to":"2025-11-15","special_validity":null,"notes":"Aktionsartikel stehen nur in begrenzter Anzahl zur Verfügung. Sie können daher schon am Vormittag des Aktionstages kurz nach Aktionsbeginn ausverkauft sein."}
{"supermarket":"Aldi Nord","brand":"Milram","product_name":"Käsescheiben XXL","variant":"Versch. Sorten","pack_size":"260","unit":"g","pack_count":1,"price":2.89,"currency":"EUR","promo_type":null,"compare_price":"kg = 11.12","uvp":null,"discount_pct":null,"valid_from":"2025-11-10","valid_to":"2025-11-15","special_validity":null,"notes":"Aktionsartikel stehen nur in begrenzter Anzahl zur Verfügung. Sie können daher schon am Vormittag des Aktionstages kurz nach Aktionsbeginn ausverkauft sein."}
{"supermarket":"Aldi Nord","brand":"Meggle","product_name":"Feine Butter/ Streichzart","variant":"Versch. Sorten","pack_size":"250","unit":"g","pack_count":1,"price":1.79,"currency":"EUR","promo_type":"AKTION","compare_price":"kg = 7.16","uvp":null,"discount_pct":null,"valid_from":"2025-11-10","valid_to":"2025-11-15","special_validity":null,"notes":"Aktionsartikel stehen nur in begrenzter Anzahl zur Verfügung. Sie können daher schon am Vormittag des Aktionstages kurz nach Aktionsbeginn ausverkauft sein."}
{"supermarket":"Aldi Nord","brand":"Müller","product_name":"Milchreis","variant":"Versch. Sorten","pack_size":"200","unit":"g","pack_count":1,"price":0.44,"currency":"EUR","promo_type":"discount","compare_price":"kg = 2.20","uvp":0.99,"discount_pct":55,"valid_from":"2025-11-10","valid_to":"2025-11-15","special_validity":null,"notes":"Aktionsartikel stehen nur in begrenzter Anzahl zur Verfügung. Sie können daher schon am Vormittag des Aktionstages kurz nach Aktionsbeginn ausverkauft sein."}
{"supermarket":"Aldi Nord","brand":"Lyttos","product_name":"Weißkäse in Salzlake","variant":"55% Fett i. Tr.; Abtropfgewicht (ATG) = 1.000g","pack_size":"1.5","unit":"kg","pack_count":1,"price":6.66,"currency":"EUR","promo_type":"AKTION","compare_price":"kg = 6.66 ATG","uvp":null,"discount_pct":null,"valid_from":"2025-11-10","valid_to":"2025-11-15","special_validity":null,"notes":"Aktionsartikel stehen nur in begrenzter Anzahl zur Verfügung. Sie können daher schon am Vormittag des Aktionstages kurz nach Aktionsbeginn ausverkauft sein."}
{"supermarket":"Aldi Nord","brand":"Gut Drei Eichen","product_name":"Wiener Würstchen XXL","variant":"Geräuchert","pack_size":"2x250","unit":"g","pack_count":1,"price":2.99,"currency":"EUR","promo_type":null,"compare_price":"kg = 5.98","uvp":null,"discount_pct":null,"valid_from":"2025-11-10","valid_to":"2025-11-15","special_validity":null,"notes":"Aktionsartikel stehen nur in begrenzter Anzahl zur Verfügung. Sie können daher schon am Vormittag des Aktionstages kurz nach Aktionsbeginn ausverkauft sein."}
{"supermarket":"Aldi Nord","brand":"Wiltmann","product_name":"Genießer-teller","variant":"Versch. Sorten","pack_size":"70g oder 80g","unit":"Packung","pack_count":1,"price":1.29,"currency":"EUR","promo_type":"discount","compare_price":"kg = 18.43/16.13","uvp":2.29,"discount_pct":43,"valid_from":"2025-11-10","valid_to":"2025-11-15","special_validity":null,"notes":"Aktionsartikel stehen nur in begrenzter Anzahl zur Verfügung. Sie können daher schon am Vormittag des Aktionstages kurz nach Aktionsbeginn ausverkauft sein."}
{"supermarket":"Aldi Nord","brand":"Tesoros Del Sur","product_name":"Jamón Serrano XXL","variant":"Mind. 11 Monate gereift","pack_size":"240","unit":"g","pack_count":1,"price":3.99,"currency":"EUR","promo_type":null,"compare_price":"kg = 16.63","uvp":null,"discount_pct":null,"valid_from":"2025-11-10","valid_to":"2025-11-15","special_validity":null,"notes":"Aktionsartikel stehen nur in begrenzter Anzahl zur Verfügung. Sie können daher schon am Vormittag des Aktionstages kurz nach Aktionsbeginn ausverkauft sein."}
{"supermarket":"Aldi Nord","brand":"Hilcona","product_name":"Pasta-Vorratspack XXL","variant":"Frisch; versch. Sorten","pack_size":"750","unit":"g","pack_count":1,"price":3.29,"currency":"EUR","promo_type":null,"compare_price":"kg = 4.39","uvp":null,"discount_pct":null,"valid_from":"2025-11-10","valid_to":"2025-11-15","special_validity":null,"notes":"Aktionsartikel stehen nur in begrenzter Anzahl zur Verfügung. Sie können daher schon am Vormittag des Aktionstages kurz nach Aktionsbeginn ausverkauft sein."}
{"supermarket":"Aldi Nord","brand":"Snack Time","product_name":"Poffertjes","variant":"Mini-Pfannkuchen nach holländischer Art","pack_size":"250","unit":"g","pack_count":1,"price":1.49,"currency":"EUR","promo_type":"AKTION","compare_price":"kg = 5.96","uvp":null,"discount_pct":null,"valid_from":"2025-11-10","valid_to":"2025-11-15","special_validity":null,"notes":"Aktionsartikel stehen nur in begrenzter Anzahl zur Verfügung. Sie können daher schon am Vormittag des Aktionstages kurz nach Aktionsbeginn ausverkauft sein."}
{"supermarket":"Aldi Nord","brand":"Trader Joe's","product_name":"Keksteig zum Aufbacken","variant":"Versch. Sorten; Neu!","pack_size":"200","unit":"g","pack_count":1,"price":2.49,"currency":"EUR","promo_type":"AKTION","compare_price":"kg = 12.45","uvp":null,"discount_pct":null,"valid_from":"2025-11-10","valid_to":"2025-11-15","special_validity":null,"notes":"Aktionsartikel stehen nur in begrenzter Anzahl zur Verfügung. Sie können daher schon am Vormittag des Aktionstages kurz nach Aktionsbeginn ausverkauft sein."}
{"supermarket":"Aldi Nord","brand":"Dr. Oetker","product_name":"Ristorante Pizza","variant":"Versch. Sorten; Aus der Tiefkühlung","pack_size":"320g, 345g, 355g oder 390g","unit":"Packung","pack_count":1,"price":1.89,"currency":"EUR","promo_type":"discount","compare_price":"kg = 5.91/5.48/5.32/4.85","uvp":3.49,"discount_pct":45,"valid_from":"2025-11-10","valid_to":"2025-11-15","special_validity":null,"notes":"Aktionsartikel stehen nur in begrenzter Anzahl zur Verfügung. Sie können daher schon am Vormittag des Aktionstages kurz nach Aktionsbeginn ausverkauft sein."}
{"supermarket":"Aldi Nord","brand":"Coppenrath & Wiese","product_name":"Lust auf Torte","variant":"Versch. Sorten; Aus der Tiefkühlung","pack_size":"265g, 360 g oder 390g","unit":"Packung","pack_count":1,"price":3.49,"currency":"EUR","promo_type":"discount","compare_price":"kg = 13.17/9.69/8.95","uvp":4.99,"discount_pct":30,"valid_from":"2025-11-10","valid_to":"2025-11-15","special_validity":null,"notes":"Aktionsartikel stehen nur in begrenzter Anzahl zur Verfügung. Sie können daher schon am Vormittag des Aktionstages kurz nach Aktionsbeginn ausverkauft sein."}
{"supermarket":"Aldi Nord","brand":"Langnese","product_name":"Cremissimo","variant":"Versch. Sorten; enthält z. T. Alkohol","pack_size":"825 ml oder 900 ml","unit":"Packung","pack_count":1,"price":1.79,"currency":"EUR","promo_type":"discount","compare_price":"Liter = 2.17/1.99","uvp":3.99,"discount_pct":55,"valid_from":"2025-11-10","valid_to":"2025-11-15","special_validity":null,"notes":"Aktionsartikel stehen nur in begrenzter Anzahl zur Verfügung. Sie können daher schon am Vormittag des Aktionstages kurz nach Aktionsbeginn ausverkauft sein."}
{"supermarket":"Aldi Nord","brand":"Dr. Oetker","product_name":"Paradiescreme","variant":"Versch. Sorten","pack_size":"60g, 66g oder 74 g","unit":"Packung","pack_count":1,"price":0.79,"currency":"EUR","promo_type":"discount","compare_price":"kg = 13.17/11.97/10.68","uvp":1.29,"discount_pct":38,"valid_from":"2025-11-10","valid_to":"2025-11-15","special_validity":null,"notes":"Diese Artikel stehen nur in begrenzter Anzahl zur Verfügung und können zu bestimmten Zeiten der Aktion ausverkauft sein."}
{"supermarket":"Aldi Nord","brand":"Chocoeur","product_name":"Katzenzungen","variant":"Versch. Sorten","pack_size":"100","unit":"g","pack_count":1,"price":1.79,"currency":"EUR","promo_type":"AKTION","compare_price":"kg = 17.90","uvp":null,"discount_pct":null,"valid_from":"2025-11-10","valid_to":"2025-11-15","special_validity":null,"notes":"Aktionsartikel stehen nur in begrenzter Anzahl zur Verfügung. Sie können daher schon am Vormittag des Aktionstages kurz nach Aktionsbeginn ausverkauft sein."}
{"supermarket":"Aldi Nord","brand":"Teekanne","product_name":"Wintertee","variant":"Versch. Sorten","pack_size":"40,5g oder 50 g","unit":"Packung","pack_count":1,"price":1.79,"currency":"EUR","promo_type":"discount","compare_price":"kg = 44.20/35.80","uvp":2.49,"discount_pct":28,"valid_from":"2025-11-10","valid_to":"2025-11-15","special_validity":null,"notes":"Aktionsartikel stehen nur in begrenzter Anzahl zur Verfügung. Sie können daher schon am Vormittag des Aktionstages kurz nach Aktionsbeginn ausverkauft sein."}
{"supermarket":"Aldi Nord","brand":"Weihenstephan","product_name":"Haltbare Milch","variant":"1,5% Fett bzw. 3,5% Fett","pack_size":"1","unit":"L","pack_count":1,"price":1.19,"currency":"EUR","promo_type":"discount","compare_price":"Liter = 1.19","uvp":1.69,"discount_pct":29,"valid_from":"2025-11-10","valid_to":"2025-11-15","special_validity":null,"notes":"Aktionsartikel stehen nur in begrenzter Anzahl zur Verfügung. Sie können daher schon am Vormittag des Aktionstages kurz nach Aktionsbeginn ausverkauft sein."}
{"supermarket":"Aldi Nord","brand":"Goldähren","product_name":"Bauernschwarzbrot","variant":"Dunkles Roggenvollkornbrot; geschnitten","pack_size":"500","unit":"g","pack_count":1,"price":0.99,"currency":"EUR","promo_type":"AKTION","compare_price":"kg = 1.98","uvp":null,"discount_pct":null,"valid_from":"2025-11-10","valid_to":"2025-11-15","special_validity":null,"notes":"Aktionsartikel stehen nur in begrenzter Anzahl zur Verfügung. Sie können daher schon am Vormittag des Aktionstages kurz nach Aktionsbeginn ausverkauft sein."}
{"supermarket":"Aldi Nord","brand":"Schwartau","product_name":"Konfitüre Extra","variant":"Versch. Sorten; Winter-Edition","pack_size":"340","unit":"g","pack_count":1,"price":1.99,"currency":"EUR","promo_type":"discount","compare_price":"kg = 5.85","uvp":2.69,"discount_pct":26,"valid_from":"2025-11-10","valid_to":"2025-11-15","special_validity":null,"notes":"Diese Artikel stehen nur in begrenzter Anzahl zur Verfügung und können zu bestimmten Zeiten der Aktion ausverkauft sein."}
{"supermarket":"Aldi Nord","brand":"All Seasons","product_name":"Paprika","variant":"Geröstet; Abtropfgewicht (ATG) = 310 g","pack_size":"580","unit":"ml","pack_count":1,"price":1.59,"currency":"EUR","promo_type":"AKTION","compare_price":"kg = 5.13 ATG","uvp":null,"discount_pct":null,"valid_from":"2025-11-10","valid_to":"2025-11-15","special_validity":null,"notes":"Aktionsartikel stehen nur in begrenzter Anzahl zur Verfügung. Sie können daher schon am Vormittag des Aktionstages kurz nach Aktionsbeginn ausverkauft sein."}
```

-----

